
<record><leader>01232nam a2200289 a 4500</leader><controlfield tag="008">920909m19671969th a          000 0 eng  </controlfield><datafield ind1=" " ind2=" " tag="010"><subfield code="a">   92929710</subfield></datafield><datafield ind1=" " ind2=" " tag="040"><subfield code="a">DLC</subfield><subfield code="c">DLC</subfield></datafield><datafield ind1="0" ind2=" " tag="041"><subfield code="a">engtha</subfield></datafield><datafield ind1="0" ind2="0" tag="050"><subfield code="a">PL4163</subfield><subfield code="b">.B86 1967</subfield></datafield><datafield ind1="0" ind2="0" tag="082"><subfield code="a">495.9/182421</subfield><subfield code="2">20</subfield></datafield><datafield ind1="1" ind2="0" tag="100"><subfield code="a">Brown, J. Marvin,</subfield><subfield code="d">1925-</subfield></datafield><datafield ind1="1" ind2="0" tag="245"><subfield code="a">A.U.A. Language Center Thai course /</subfield><subfield code="c">prepared by J. Marvin Brown.</subfield></datafield><datafield ind1="0" ind2=" " tag="260"><subfield code="a">Bangkok, Thailand :</subfield><subfield code="b">American University Alumni Association Language Center,</subfield><subfield code="c">1967-1969.</subfield></datafield><datafield ind1=" " ind2=" " tag="300"><subfield code="a">3 v. :</subfield><subfield code="b">ill. ;</subfield><subfield code="c">26 cm.</subfield></datafield><datafield ind1=" " ind2=" " tag="500"><subfield code="a">English and Thai (roman and Thai scripts).</subfield></datafield><datafield ind1=" " ind2=" " tag="500"><subfield code="a">Includes indexes.</subfield></datafield><datafield ind1=" " ind2="0" tag="650"><subfield code="a">Thai language</subfield><subfield code="x">Textbooks.</subfield></datafield><datafield ind1="2" ind2="0" tag="710"><subfield code="a">A.U.A. Language Center.</subfield></datafield><datafield ind1="0" ind2="1" tag="740"><subfield code="a">AUA Language Center Thai course.</subfield></datafield><datafield ind1=" " ind2=" " tag="035"><subfield code="a">(TxDaGIAL)37741100014844</subfield></datafield><controlfield tag="005">20080624154322.0</controlfield><controlfield tag="001">131</controlfield><controlfield tag="003">TxDaGIAL</controlfield><datafield ind1=" " ind2=" " tag="852"><subfield code="p">37741100014844</subfield><subfield code="a">Library</subfield><subfield code="9">$67.50</subfield><subfield code="x">FUND:Ling</subfield><subfield code="x">COPYID:136</subfield><subfield code="x">FSC@aRegular@c19970129</subfield><subfield code="h">495.911824 B878 vol.1 1967</subfield><subfield code="z">Cellar 12-96</subfield></datafield><datafield ind1=" " ind2=" " tag="852"><subfield code="p">37741100014845</subfield><subfield code="a">Library</subfield><subfield code="9">$67.50</subfield><subfield code="x">FUND:Ling</subfield><subfield code="x">COPYID:137</subfield><subfield code="x">FSC@aRegular@c19970129</subfield><subfield code="h">495.911824 B878 vol.2 1968</subfield><subfield code="z">Cellar 12-96</subfield></datafield><datafield ind1=" " ind2=" " tag="852"><subfield code="p">37741100014846</subfield><subfield code="a">Library</subfield><subfield code="9">$67.50</subfield><subfield code="x">FUND:Ling</subfield><subfield code="x">COPYID:138</subfield><subfield code="x">FSC@aRegular@c19970129</subfield><subfield code="h">495.911824 B878 vol.3 1969</subfield><subfield code="z">Cellar 12-96</subfield></datafield></record>