
<record><leader>00816nam a2200253Ii 4500</leader><controlfield tag="008">720525s1951    ilu      b    00000 engm </controlfield><datafield ind1=" " ind2=" " tag="010"><subfield code="a">   51001827</subfield></datafield><datafield ind1=" " ind2=" " tag="035"><subfield code="a">(CU-UC)dlaisn883755</subfield></datafield><datafield ind1=" " ind2=" " tag="040"><subfield code="a">DLC</subfield><subfield code="c">WSU</subfield><subfield code="d">m.c.</subfield><subfield code="d">SER</subfield><subfield code="d">RQA</subfield></datafield><datafield ind1="0" ind2=" " tag="041"><subfield code="a">engspa</subfield></datafield><datafield ind1="0" ind2=" " tag="050"><subfield code="a">PC4821</subfield><subfield code="b">.K3 1951</subfield></datafield><datafield ind1="1" ind2="0" tag="100"><subfield code="a">Kany, Charles Emil,</subfield><subfield code="d">1895-</subfield></datafield><datafield ind1="1" ind2="0" tag="245"><subfield code="a">American-Spanish syntax.</subfield></datafield><datafield ind1=" " ind2=" " tag="250"><subfield code="a">2d ed.</subfield></datafield><datafield ind1="0" ind2=" " tag="260"><subfield code="a">[Chicago] :</subfield><subfield code="b">University of Chicago Press,</subfield><subfield code="c">[1951]</subfield></datafield><datafield ind1=" " ind2=" " tag="300"><subfield code="a">xiii, 467 p. :</subfield><subfield code="b">map (on lining papers) ;</subfield><subfield code="c">24 cm.</subfield></datafield><datafield ind1=" " ind2=" " tag="504"><subfield code="a">Bibliography: p. 436-453.</subfield></datafield><datafield ind1=" " ind2=" " tag="546"><subfield code="a">English.</subfield></datafield><datafield ind1=" " ind2="0" tag="650"><subfield code="a">Spanish language</subfield><subfield code="x">Provincialisms</subfield><subfield code="z">Latin America.</subfield></datafield><datafield ind1=" " ind2=" " tag="035"><subfield code="a">(TxDaGIAL)37741100014263</subfield></datafield><controlfield tag="005">20080624154412.0</controlfield><controlfield tag="001">377</controlfield><controlfield tag="003">TxDaGIAL</controlfield><datafield ind1=" " ind2=" " tag="852"><subfield code="p">37741100014263</subfield><subfield code="a">Library</subfield><subfield code="x">COPYID:426</subfield><subfield code="x">FSC@aRegular@c19961217</subfield><subfield code="h">467.9 K16a 1957</subfield><subfield code="z">3271</subfield></datafield></record>