
<record><leader>00937nam a2200229Ii 4500</leader><controlfield tag="008">800401s1968    caua     b    00010 eng d</controlfield><datafield ind1=" " ind2=" " tag="035"><subfield code="a">(CU-UC)dlaisn5491678</subfield></datafield><datafield ind1=" " ind2=" " tag="040"><subfield code="a">YOM</subfield><subfield code="c">YOM</subfield></datafield><datafield ind1="1" ind2="0" tag="100"><subfield code="a">Moerman, Michael.</subfield></datafield><datafield ind1="1" ind2="0" tag="245"><subfield code="a">Analysis of Lue conversation :</subfield><subfield code="b">providing accounts, finding breaches and taking sides /</subfield><subfield code="c">Michael Moerman.</subfield></datafield><datafield ind1="0" ind2=" " tag="260"><subfield code="a">Berkeley :</subfield><subfield code="b">University of California, Language-Behavior Research Laboratory,</subfield><subfield code="c">1968.</subfield></datafield><datafield ind1=" " ind2=" " tag="300"><subfield code="a">101 leaves :</subfield><subfield code="b">ill. ;</subfield><subfield code="c">28 cm.</subfield></datafield><datafield ind1="1" ind2=" " tag="490"><subfield code="a">Working paper--Language-Behavior Research Laboratory ;</subfield><subfield code="v">no. 12.</subfield></datafield><datafield ind1=" " ind2=" " tag="504"><subfield code="a">Bibliography: p. 99-101.</subfield></datafield><datafield ind1=" " ind2=" " tag="546"><subfield code="a">English.</subfield></datafield><datafield ind1=" " ind2="0" tag="650"><subfield code="a">L&#252; language.</subfield></datafield><datafield ind1="1" ind2=" " tag="810"><subfield code="a">Working paper (University of California, Berkely. Language-Behavior Research Laboratory) ;</subfield><subfield code="v">no. 12.</subfield></datafield><datafield ind1=" " ind2=" " tag="035"><subfield code="a">(TxDaGIAL)37741100014885</subfield></datafield><controlfield tag="005">20080624154415.0</controlfield><controlfield tag="001">400</controlfield><controlfield tag="003">TxDaGIAL</controlfield><datafield ind1=" " ind2=" " tag="852"><subfield code="p">37741100014885</subfield><subfield code="a">Library</subfield><subfield code="x">COPYID:452</subfield><subfield code="x">FSC@aRegular@c19970203</subfield><subfield code="h">495.919 M694a 1968</subfield></datafield></record>