
<record><leader>01052cam a2200289 p 4500</leader><controlfield tag="008">800513s1979    ne       b    00110 eng  </controlfield><datafield ind1=" " ind2=" " tag="010"><subfield code="a">   80474996 //r84</subfield></datafield><datafield ind1=" " ind2=" " tag="015"><subfield code="a">Ne80-1</subfield></datafield><datafield ind1=" " ind2=" " tag="020"><subfield code="a">902723003X</subfield></datafield><datafield ind1=" " ind2=" " tag="040"><subfield code="a">DLC</subfield><subfield code="c">DLC</subfield><subfield code="d">TxDaGIAL</subfield></datafield><datafield ind1="0" ind2=" " tag="050"><subfield code="a">P281</subfield><subfield code="b">.L6</subfield></datafield><datafield ind1=" " ind2=" " tag="082"><subfield code="a">439/.9</subfield></datafield><datafield ind1="1" ind2="0" tag="100"><subfield code="a">Lloyd, Albert L.,</subfield><subfield code="d">1930-</subfield></datafield><datafield ind1="1" ind2="0" tag="245"><subfield code="a">Anatomy of the verb :</subfield><subfield code="b">the Gothic verb as a model for a unified theory of aspect, actional types, and verbal velocity /</subfield><subfield code="c">Albert L. Lloyd.</subfield></datafield><datafield ind1="0" ind2=" " tag="260"><subfield code="a">[1007 HA] Amsterdam, [postbus 52519] :</subfield><subfield code="b">Benjamins,</subfield><subfield code="c">1979.</subfield></datafield><datafield ind1=" " ind2=" " tag="300"><subfield code="a">x, 351 p. ;</subfield><subfield code="c">23 cm.</subfield></datafield><datafield ind1=" " ind2="0" tag="440"><subfield code="a">Studies in language companion series ;</subfield><subfield code="v">v. 4,</subfield><subfield code="x">0165-7763</subfield></datafield><datafield ind1=" " ind2=" " tag="504"><subfield code="a">Bibliography: p. [325]-336.</subfield></datafield><datafield ind1=" " ind2=" " tag="500"><subfield code="a">Includes indexes.</subfield></datafield><datafield ind1=" " ind2="0" tag="650"><subfield code="a">Grammar, Comparative and general</subfield><subfield code="x">Verb.</subfield></datafield><datafield ind1=" " ind2="0" tag="650"><subfield code="a">Gothic language</subfield><subfield code="x">Verb.</subfield></datafield><datafield ind1=" " ind2="0" tag="650"><subfield code="a">Indo-European languages</subfield><subfield code="x">Verb.</subfield></datafield><datafield ind1=" " ind2=" " tag="035"><subfield code="a">(TxDaGIAL)37741100006986</subfield></datafield><controlfield tag="005">20080624154419.0</controlfield><controlfield tag="001">418</controlfield><controlfield tag="003">TxDaGIAL</controlfield><datafield ind1=" " ind2=" " tag="852"><subfield code="p">37741100006986</subfield><subfield code="a">Library</subfield><subfield code="x">COPYID:476</subfield><subfield code="x">FSC@aRegular@c19950818</subfield><subfield code="h">439.9 L793a 1979</subfield><subfield code="z">6347</subfield></datafield></record>