
<record><leader>00733cam a2200241 i 4500</leader><controlfield tag="008">780828s1979    mau           00110 eng  </controlfield><datafield ind1=" " ind2=" " tag="010"><subfield code="a">   78009875 //r932</subfield></datafield><datafield ind1=" " ind2=" " tag="020"><subfield code="a">0262180472</subfield></datafield><datafield ind1=" " ind2=" " tag="040"><subfield code="a">DLC</subfield><subfield code="c">DLC</subfield><subfield code="d">DLC</subfield></datafield><datafield ind1="0" ind2="0" tag="050"><subfield code="a">PA258</subfield><subfield code="b">.R85 1979</subfield></datafield><datafield ind1="0" ind2="0" tag="082"><subfield code="a">488/.2/421</subfield></datafield><datafield ind1="1" ind2="0" tag="100"><subfield code="a">Ruck, Carl A. P.</subfield></datafield><datafield ind1="1" ind2="0" tag="245"><subfield code="a">Ancient Greek :</subfield><subfield code="b">a new approach /</subfield><subfield code="c">Carl A. P. Ruck.</subfield></datafield><datafield ind1=" " ind2=" " tag="250"><subfield code="a">2d ed.</subfield></datafield><datafield ind1="0" ind2=" " tag="260"><subfield code="a">Cambridge, Mass. :</subfield><subfield code="b">MIT Press,</subfield><subfield code="c">c1979.</subfield></datafield><datafield ind1=" " ind2=" " tag="300"><subfield code="a">257 p. ;</subfield><subfield code="c">26 cm.</subfield></datafield><datafield ind1=" " ind2=" " tag="500"><subfield code="a">Includes index.</subfield></datafield><datafield ind1=" " ind2="0" tag="650"><subfield code="a">Greek language</subfield><subfield code="x">Grammar.</subfield></datafield><datafield ind1=" " ind2=" " tag="035"><subfield code="a">(TxDaGIAL)37741100003986</subfield></datafield><controlfield tag="005">20080624154420.0</controlfield><controlfield tag="001">421</controlfield><controlfield tag="003">TxDaGIAL</controlfield><datafield ind1=" " ind2=" " tag="852"><subfield code="p">37741100003986</subfield><subfield code="a">Library</subfield><subfield code="9">$0.00</subfield><subfield code="x">COPYID:479</subfield><subfield code="x">FSC@aRegular@c19950508</subfield><subfield code="h">488.2421 R911a 1979</subfield><subfield code="z">6393</subfield></datafield></record>