
<record><leader>00957Qam a2200241Ia 4500</leader><controlfield tag="008">781201s1978    inu      b    000 0 eng d</controlfield><datafield ind1=" " ind2=" " tag="035"><subfield code="a">(CU-UC)332362</subfield></datafield><datafield ind1=" " ind2=" " tag="040"><subfield code="a">LRU</subfield><subfield code="c">LRU</subfield><subfield code="d">CU-SC</subfield></datafield><datafield ind1="1" ind2=" " tag="100"><subfield code="a">Nuessel, Frank H.</subfield></datafield><datafield ind1="1" ind2="3" tag="245"><subfield code="a">An annotated, critical bibliography of generative-based grammatical analyses of Spanish :</subfield><subfield code="b">phonology and morphology /</subfield><subfield code="c">Frank H. Nuessel, Jr.</subfield></datafield><datafield ind1=" " ind2=" " tag="260"><subfield code="a">Bloomington :</subfield><subfield code="b">Indiana University Linguistics Club,</subfield><subfield code="c">1978.</subfield></datafield><datafield ind1=" " ind2=" " tag="300"><subfield code="a">iii, [1], 50 p. ;</subfield><subfield code="c">28 cm.</subfield></datafield><datafield ind1=" " ind2=" " tag="504"><subfield code="a">Bibliography: p. [iv].</subfield></datafield><datafield ind1=" " ind2=" " tag="546"><subfield code="a">English.</subfield></datafield><datafield ind1=" " ind2="0" tag="650"><subfield code="a">Spanish language</subfield><subfield code="x">Grammar, Generative</subfield><subfield code="v">Bibliography.</subfield></datafield><datafield ind1=" " ind2="0" tag="650"><subfield code="a">Spanish language</subfield><subfield code="x">Phonology</subfield><subfield code="v">Bibliography.</subfield></datafield><datafield ind1=" " ind2="0" tag="650"><subfield code="a">Spanish language</subfield><subfield code="x">Morphology</subfield><subfield code="v">Bibliography.</subfield></datafield><datafield ind1="2" ind2="0" tag="710"><subfield code="a">Indiana University Linguistics Club.</subfield></datafield><datafield ind1=" " ind2=" " tag="035"><subfield code="a">(TxDaGIAL)37741100015455</subfield></datafield><controlfield tag="005">20080624154426.0</controlfield><controlfield tag="001">448</controlfield><controlfield tag="003">TxDaGIAL</controlfield><datafield ind1=" " ind2=" " tag="852"><subfield code="p">37741100015455</subfield><subfield code="a">Library</subfield><subfield code="x">COPYID:509</subfield><subfield code="x">FSC@aRegular@c19970226</subfield><subfield code="h">016.465 N964a 1978</subfield></datafield></record>