
<record><leader>00613ntm a2200181 a 4500</leader><controlfield tag="008">971030s1983    xx            000 0 eng d</controlfield><datafield ind1=" " ind2=" " tag="040"><subfield code="a">TxDaGIAL</subfield><subfield code="c">TxDaGIAL</subfield></datafield><datafield ind1="1" ind2=" " tag="100"><subfield code="a">Benjamin, Geoffrey.</subfield></datafield><datafield ind1="1" ind2="4" tag="245"><subfield code="a">The anthropology of grammar: self and other in Temiar</subfield><subfield code="h">[manuscript] /</subfield><subfield code="c">Geoffrey Benjamin.</subfield></datafield><datafield ind1=" " ind2=" " tag="260"><subfield code="c">1983.</subfield></datafield><datafield ind1=" " ind2=" " tag="300"><subfield code="a">115, [xiii] p. ;</subfield><subfield code="c">29 cm.</subfield></datafield><datafield ind1=" " ind2=" " tag="504"><subfield code="a">Includes bibliographical references.</subfield></datafield><datafield ind1=" " ind2="0" tag="650"><subfield code="a">Temiar language.</subfield></datafield><datafield ind1=" " ind2=" " tag="035"><subfield code="a">(TxDaGIAL)37741100021545</subfield></datafield><controlfield tag="005">20080624154438.0</controlfield><controlfield tag="001">503</controlfield><controlfield tag="003">TxDaGIAL</controlfield><datafield ind1=" " ind2=" " tag="852"><subfield code="p">37741100021545</subfield><subfield code="a">Library</subfield><subfield code="x">COPYID:571</subfield><subfield code="x">FSC@aRegular@c19971031</subfield><subfield code="h">495.93 B468 1983</subfield><subfield code="z">12616</subfield></datafield></record>