
<record><leader>01047nam a2200277 a 4500</leader><controlfield tag="008">880721c19861985inu      b    00010 eng  </controlfield><datafield ind1=" " ind2=" " tag="010"><subfield code="a">   88164318</subfield></datafield><datafield ind1=" " ind2=" " tag="040"><subfield code="a">DLC</subfield><subfield code="c">DLC</subfield><subfield code="d">DLC</subfield></datafield><datafield ind1="0" ind2="0" tag="050"><subfield code="a">PL8025.1</subfield><subfield code="b">.P47 1986</subfield></datafield><datafield ind1="0" ind2="0" tag="082"><subfield code="a">496/.394</subfield><subfield code="2">20</subfield></datafield><datafield ind1="1" ind2="0" tag="100"><subfield code="a">Perez, Carolyn Harford.</subfield></datafield><datafield ind1="1" ind2="0" tag="245"><subfield code="a">Aspects of complementation in three Bantu languages /</subfield><subfield code="c">by Carolyn Harford Perez.</subfield></datafield><datafield ind1="0" ind2=" " tag="260"><subfield code="a">Bloomington, Ind. (310 Lindley Hall, Bloomington 47405) :</subfield><subfield code="b">Reproduced by the Indiana University Linguistics Club,</subfield><subfield code="c">[1986], c1985.</subfield></datafield><datafield ind1=" " ind2=" " tag="300"><subfield code="a">viii, 100 p. ;</subfield><subfield code="c">28 cm.</subfield></datafield><datafield ind1=" " ind2=" " tag="500"><subfield code="a">"April 1986."</subfield></datafield><datafield ind1=" " ind2=" " tag="502"><subfield code="a">Thesis (Ph. D.)--University of Wisconsin, 1985.</subfield></datafield><datafield ind1=" " ind2=" " tag="504"><subfield code="a">Bibliography: p. 96-100.</subfield></datafield><datafield ind1=" " ind2="0" tag="650"><subfield code="a">Bantu languages</subfield><subfield code="x">Complement.</subfield></datafield><datafield ind1=" " ind2="0" tag="650"><subfield code="a">Kikuyu language</subfield><subfield code="x">Complement.</subfield></datafield><datafield ind1=" " ind2="0" tag="650"><subfield code="a">Shona language</subfield><subfield code="x">Complement.</subfield></datafield><datafield ind1=" " ind2="0" tag="650"><subfield code="a">Rundi language</subfield><subfield code="x">Complement.</subfield></datafield><datafield ind1=" " ind2=" " tag="035"><subfield code="a">(TxDaGIAL)37741100006919</subfield></datafield><controlfield tag="005">20080624154525.0</controlfield><controlfield tag="001">716</controlfield><controlfield tag="003">TxDaGIAL</controlfield><datafield ind1=" " ind2=" " tag="852"><subfield code="p">37741100006919</subfield><subfield code="a">Library</subfield><subfield code="x">COPYID:810</subfield><subfield code="x">FSC@aRegular@c19950816</subfield><subfield code="h">496.394 P438a 1986</subfield><subfield code="z">12264</subfield></datafield></record>