
<record><leader>00733nam a2200217 a 4500</leader><controlfield tag="008">810909s19811981miua     b    00010 eng d</controlfield><datafield ind1=" " ind2=" " tag="035"><subfield code="a">(CU-UC)4749053</subfield></datafield><datafield ind1=" " ind2=" " tag="040"><subfield code="a">IUA</subfield><subfield code="c">IUA</subfield><subfield code="d">CU-S</subfield><subfield code="d">TxDaGIAL</subfield></datafield><datafield ind1="1" ind2="0" tag="100"><subfield code="a">Hwang, Shin Ja Joo.</subfield></datafield><datafield ind1="1" ind2="0" tag="245"><subfield code="a">Aspects of Korean narration /</subfield><subfield code="c">Shin Ja Joo Hwang.</subfield></datafield><datafield ind1="1" ind2=" " tag="260"><subfield code="c">1981.</subfield></datafield><datafield ind1=" " ind2=" " tag="300"><subfield code="a">xiv, 334 leaves :</subfield><subfield code="b">ill. ;</subfield><subfield code="c">29 cm.</subfield></datafield><datafield ind1=" " ind2=" " tag="502"><subfield code="a">Thesis (Ph. D.)--University of Texas at Arlington, 1981.</subfield></datafield><datafield ind1=" " ind2=" " tag="504"><subfield code="a">Bibliography: leaves 324-334.</subfield></datafield><datafield ind1=" " ind2=" " tag="546"><subfield code="a">English.</subfield></datafield><datafield ind1=" " ind2="0" tag="650"><subfield code="a">Korean language</subfield><subfield code="x">Discourse analysis.</subfield></datafield><datafield ind1=" " ind2=" " tag="035"><subfield code="a">(TxDaGIAL)37741100015367</subfield></datafield><controlfield tag="005">20080624154526.0</controlfield><controlfield tag="001">722</controlfield><controlfield tag="003">TxDaGIAL</controlfield><datafield ind1=" " ind2=" " tag="852"><subfield code="p">37741100015367</subfield><subfield code="a">Library</subfield><subfield code="x">COPYID:816</subfield><subfield code="x">FSC@aRegular@c19970224</subfield><subfield code="h">495.70141 H991d 1981</subfield><subfield code="z">7733</subfield></datafield></record>