
<record><leader>01444nam a2200241 i 4500</leader><controlfield tag="008">960613s1994    caua          000 0 eng d</controlfield><datafield ind1=" " ind2=" " tag="040"><subfield code="a">TxDaGIAL</subfield><subfield code="c">TxDaGIAL</subfield></datafield><datafield ind1="0" ind2="4" tag="082"><subfield code="a">496.39</subfield><subfield code="2">20</subfield></datafield><datafield ind1="0" ind2="0" tag="245"><subfield code="a">Aspects of Nchufie grammar /</subfield><subfield code="c">edited by Hilda Koopman and Mural Kural.</subfield></datafield><datafield ind1=" " ind2=" " tag="260"><subfield code="a">Los Angeles :</subfield><subfield code="b">Linguistics Dept., University of Californai, Los Angeles,</subfield><subfield code="c">1994.</subfield></datafield><datafield ind1=" " ind2=" " tag="300"><subfield code="a">164 p. :</subfield><subfield code="b">ill. ;</subfield><subfield code="c">28 cm.</subfield></datafield><datafield ind1=" " ind2="0" tag="440"><subfield code="a">UCLA occasional papers in linguistics ;</subfield><subfield code="v">14</subfield></datafield><datafield ind1=" " ind2=" " tag="504"><subfield code="a">Includes bibliographical references.</subfield></datafield><datafield ind1="0" ind2=" " tag="505"><subfield code="a">Introductory remarks / Hilda Koopman -- Pitch and duration of yes-no questions in Nchufie / Dani Byrd -- On optional and obligatory prenasalization in Nchufie reduplication / Daniel Silverman -- The tones of Nchufie verbal inflection / Dorit Ben-Shalom -- Aspects of the morpho-syntax of Nchufie nominals / Michael Nkemnji -- Negation in Nchufie / Seungho Nam -- Facts of Nchufie DP's / Luc Moritz -- Resumptive pronouns in Nchufie, the ECT, and the least-effort condition / Tetsuya Sano -- On wh-questions in Nchufie / Nakamura Akira -- Nchufie wh-in-situ and locality / Murat Kural and Luc Moritz.</subfield></datafield><datafield ind1=" " ind2="0" tag="650"><subfield code="a">Fe'fe' language</subfield><subfield code="x">Grammar.</subfield></datafield><datafield ind1=" " ind2="0" tag="651"><subfield code="a">Cameroon</subfield><subfield code="x">Languages.</subfield></datafield><datafield ind1="1" ind2="0" tag="700"><subfield code="a">Koopman, Hilda Judith.</subfield></datafield><datafield ind1="1" ind2="0" tag="700"><subfield code="a">Kural, Mural.</subfield></datafield><datafield ind1=" " ind2=" " tag="035"><subfield code="a">(TxDaGIAL)37741100000381</subfield></datafield><controlfield tag="005">20080624154528.0</controlfield><controlfield tag="001">729</controlfield><controlfield tag="003">TxDaGIAL</controlfield><datafield ind1=" " ind2=" " tag="852"><subfield code="p">37741100000381</subfield><subfield code="a">Library</subfield><subfield code="x">COPYID:823</subfield><subfield code="x">FSC@aRegular@c19960625</subfield><subfield code="h">496.39 A838k 1994</subfield></datafield></record>