
<record><leader>01065cam a2200277 a 4500</leader><controlfield tag="008">860814s1981    txu      b    001 0 eng  </controlfield><datafield ind1=" " ind2=" " tag="040"><subfield code="a">TxDaGIAL</subfield><subfield code="c">TxDaGIAL</subfield></datafield><datafield ind1="0" ind2=" " tag="041"><subfield code="a">engsan</subfield></datafield><datafield ind1="0" ind2="4" tag="050"><subfield code="a">PK517</subfield><subfield code="b">.K38 1981</subfield></datafield><datafield ind1="0" ind2="0" tag="082"><subfield code="a">491/.25</subfield><subfield code="2">19</subfield></datafield><datafield ind1="0" ind2="0" tag="100"><subfield code="a">P&#257;&#7751;ini.</subfield></datafield><datafield ind1="1" ind2="0" tag="240"><subfield code="a">A&#7779;&#7789;&#257;dhy&#257;y&#299;</subfield></datafield><datafield ind1="1" ind2="0" tag="245"><subfield code="a">A&#7779;&#7789;&#257;dhy&#257;y&#299; of P&#257;&#7751;ini /</subfield><subfield code="c">in Roman transliteration and Sanskrit commentary by Sumitra Mangesh  Katre.</subfield></datafield><datafield ind1=" " ind2=" " tag="250"><subfield code="a">mimeo ed.</subfield></datafield><datafield ind1="0" ind2=" " tag="260"><subfield code="c">1981.</subfield></datafield><datafield ind1=" " ind2=" " tag="300"><subfield code="a">1087 p. in 2 v. ;</subfield><subfield code="c">28 cm.</subfield></datafield><datafield ind1=" " ind2=" " tag="500"><subfield code="a">Text in transliterated Sanskrit with grammatical explanations, etc. in English.</subfield></datafield><datafield ind1=" " ind2=" " tag="500"><subfield code="a">Published in Texas Linguistic Series, by University of Texas Press, 1987.</subfield></datafield><datafield ind1=" " ind2="0" tag="650"><subfield code="a">Sanskrit language</subfield><subfield code="x">Grammar.</subfield></datafield><datafield ind1="1" ind2="0" tag="700"><subfield code="a">Katre, Sumitra Mangesh,</subfield><subfield code="d">1906-</subfield></datafield><datafield ind1=" " ind2=" " tag="035"><subfield code="a">(TxDaGIAL)37741100018522</subfield></datafield><controlfield tag="005">20080624154531.0</controlfield><controlfield tag="001">742</controlfield><controlfield tag="003">TxDaGIAL</controlfield><datafield ind1=" " ind2=" " tag="852"><subfield code="p">37741100018522</subfield><subfield code="a">Library</subfield><subfield code="x">COPYID:840</subfield><subfield code="x">FSC@aRegular@c19970619</subfield><subfield code="h">491.25 P192a 1 1981</subfield><subfield code="z">8134</subfield></datafield><datafield ind1=" " ind2=" " tag="852"><subfield code="p">37741100018521</subfield><subfield code="a">Library</subfield><subfield code="x">COPYID:841</subfield><subfield code="x">FSC@aRegular@c19970619</subfield><subfield code="h">491.25 P192a 2 1981</subfield><subfield code="z">8135</subfield></datafield></record>