
<record><leader>01198cam a2200289 a 4500</leader><controlfield tag="008">850613s1983    io            00000 eng  </controlfield><datafield ind1=" " ind2=" " tag="010"><subfield code="a">   85940600 /SA</subfield></datafield><datafield ind1="0" ind2=" " tag="041"><subfield code="a">engindmap</subfield></datafield><datafield ind1="0" ind2=" " tag="050"><subfield code="a">PL6621.T33</subfield><subfield code="b">A84 1983</subfield></datafield><datafield ind1="0" ind2=" " tag="082"><subfield code="a">499/.12</subfield><subfield code="2">19</subfield></datafield><datafield ind1="0" ind2="0" tag="245"><subfield code="a">Ate dite date Tabla pe&#250; pere =</subfield><subfield code="b">Percakapan-percakapan dalam bahasa Tabla = Tabla conversations /</subfield><subfield code="c">Abisay ... [et al.].</subfield></datafield><datafield ind1="0" ind2=" " tag="260"><subfield code="a">[Jayapura?] :</subfield><subfield code="b">Summer Institute of Linguistics in cooperation with Universitas Cenderawasih,</subfield><subfield code="c">[1983]</subfield></datafield><datafield ind1=" " ind2=" " tag="300"><subfield code="a">xi, 56 p. ;</subfield><subfield code="c">20 x 26 cm.</subfield></datafield><datafield ind1=" " ind2="0" tag="440"><subfield code="a">Publikasi khusus bahasa-bahasa daerah.</subfield><subfield code="n">Seri A. ;</subfield><subfield code="v">5</subfield></datafield><datafield ind1=" " ind2=" " tag="500"><subfield code="a">English, Indonesian, and Tanahmerah.</subfield></datafield><datafield ind1=" " ind2=" " tag="500"><subfield code="a">"Proyek kerjasama UNCEN-SIL."</subfield></datafield><datafield ind1=" " ind2="0" tag="650"><subfield code="a">Tanahmerah language (Northeast Irian Jaya)</subfield><subfield code="v">Conversation and phrase books.</subfield></datafield><datafield ind1="0" ind2="0" tag="700"><subfield code="a">Abisay.</subfield></datafield><datafield ind1="2" ind2="0" tag="710"><subfield code="a">Universitas Cenderawasih.</subfield></datafield><datafield ind1="2" ind2="0" tag="710"><subfield code="a">Summer Institute of Linguistics.</subfield></datafield><datafield ind1="0" ind2="1" tag="740"><subfield code="a">Percakapan-percakapan dalam bahasa Tabla.</subfield></datafield><datafield ind1="0" ind2="1" tag="740"><subfield code="a">Tabla conversations.</subfield></datafield><datafield ind1=" " ind2=" " tag="035"><subfield code="a">(TxDaGIAL)37741100000771</subfield></datafield><controlfield tag="005">20080624154532.0</controlfield><controlfield tag="001">746</controlfield><controlfield tag="003">TxDaGIAL</controlfield><datafield ind1=" " ind2=" " tag="852"><subfield code="p">37741100000771</subfield><subfield code="a">Library</subfield><subfield code="9">$0.00</subfield><subfield code="x">COPYID:845</subfield><subfield code="x">FSC@aRegular@c19950131</subfield><subfield code="h">499.12 A149a 1983</subfield><subfield code="z">gift ling. coord. 1994</subfield></datafield></record>