
<record><leader>00952nam a2200253 i 4500</leader><controlfield tag="008">740927 1954    ck            0 1 0 spa u</controlfield><datafield ind1=" " ind2=" " tag="010"><subfield code="a">   59022913</subfield></datafield><datafield ind1=" " ind2=" " tag="035"><subfield code="a">(CU-UC)dlaisn890717</subfield></datafield><datafield ind1=" " ind2=" " tag="040"><subfield code="c">OSU</subfield><subfield code="d">RQA</subfield></datafield><datafield ind1=" " ind2=" " tag="050"><subfield code="a">PC4886</subfield><subfield code="b">.B8</subfield></datafield><datafield ind1="1" ind2="0" tag="100"><subfield code="a">Buesa Oliver, Tom&#225;s.</subfield></datafield><datafield ind1="1" ind2="3" tag="245"><subfield code="a">El Atlas ling&#252;&#237;stico-etnogr&#225;fico de Colombia (ALEC) /</subfield><subfield code="c">[por] Tom&#225;s Buesa Oliver [y] Lu&#237;s Fl&#243;rez.</subfield></datafield><datafield ind1="0" ind2=" " tag="260"><subfield code="a">Bogot&#225; :</subfield><subfield code="b">Institute Caro y Cuervo,</subfield><subfield code="c">1954.</subfield></datafield><datafield ind1=" " ind2=" " tag="300"><subfield code="a">171 p. :</subfield><subfield code="b">fold. map, tables. ;</subfield><subfield code="c">25 cm.</subfield></datafield><datafield ind1=" " ind2=" " tag="500"><subfield code="a">&quot;De Thesaurus, bolet&#237;n del Instituto Caro y Cuervo, tomo X, numeros 1, 2 y 3, 1954.&quot;</subfield></datafield><datafield ind1=" " ind2=" " tag="504"><subfield code="a">Bibliographical footnotes.</subfield></datafield><datafield ind1=" " ind2=" " tag="546"><subfield code="a">Spanish.</subfield></datafield><datafield ind1=" " ind2="0" tag="650"><subfield code="a">Spanish language</subfield><subfield code="x">Provincialisms</subfield><subfield code="z">Colombia.</subfield></datafield><datafield ind1="1" ind2="0" tag="700"><subfield code="a">Fl&#243;rez, Luis,</subfield><subfield code="e">joint author.</subfield></datafield><datafield ind1=" " ind2=" " tag="035"><subfield code="a">(TxDaGIAL)37741100013792</subfield></datafield><controlfield tag="005">20080624154534.0</controlfield><controlfield tag="001">753</controlfield><controlfield tag="003">TxDaGIAL</controlfield><datafield ind1=" " ind2=" " tag="852"><subfield code="p">37741100013792</subfield><subfield code="a">Library</subfield><subfield code="x">COPYID:852</subfield><subfield code="x">FSC@aRegular@c19961111</subfield><subfield code="h">409.861 B928a 1954</subfield><subfield code="z">1928</subfield></datafield></record>