
<record><leader>01016nam a2200241 i 4500</leader><controlfield tag="008">960603s1996    txua          000 0 eng d</controlfield><datafield ind1=" " ind2=" " tag="040"><subfield code="a">TxDaGIAL</subfield><subfield code="c">TxDaGIAL</subfield></datafield><datafield ind1="1" ind2=" " tag="100"><subfield code="a">Cameron, Barbara Ann.</subfield></datafield><datafield ind1="1" ind2="3" tag="245"><subfield code="a">An attitude survey of Sierra Leone Krio /</subfield><subfield code="c">by Barbara Ann Cameron.</subfield></datafield><datafield ind1=" " ind2=" " tag="260"><subfield code="c">1996.</subfield></datafield><datafield ind1=" " ind2=" " tag="300"><subfield code="a">xvi, 161 leaves :</subfield><subfield code="b">ill. ;</subfield><subfield code="c">28 cm.</subfield></datafield><datafield ind1=" " ind2=" " tag="502"><subfield code="a">Thesis (M.A.)--University of Texas at Arlington, 1996.</subfield></datafield><datafield ind1=" " ind2=" " tag="504"><subfield code="a">Includes bibliographical references (leaves 153-161).</subfield></datafield><datafield ind1=" " ind2="0" tag="650"><subfield code="a">Krio language</subfield><subfield code="z">Sierra Leone.</subfield></datafield><datafield ind1=" " ind2="0" tag="650"><subfield code="a">Sociolinguistics</subfield><subfield code="z">Sierra Leone.</subfield></datafield><datafield ind1=" " ind2="0" tag="650"><subfield code="a">Creole dialects.</subfield></datafield><datafield ind1="2" ind2="0" tag="610"><subfield code="a">University of Texas at Arlington.</subfield><subfield code="b">Graduate School</subfield><subfield code="x">Thesis.</subfield></datafield><datafield ind1=" " ind2=" " tag="035"><subfield code="a">(TxDaGIAL)37741100011720</subfield></datafield><controlfield tag="005">20080624154538.0</controlfield><controlfield tag="001">767</controlfield><controlfield tag="003">TxDaGIAL</controlfield><datafield ind1=" " ind2=" " tag="852"><subfield code="p">37741100011720</subfield><subfield code="a">Library</subfield><subfield code="9">$0.00</subfield><subfield code="x">COPYID:866</subfield><subfield code="x">FSC@aRegular@c19960604</subfield><subfield code="h">306.4409664 C182a 1996</subfield><subfield code="z">author gift</subfield></datafield><datafield ind1=" " ind2=" " tag="852"><subfield code="p">37741100022520</subfield><subfield code="a">Library</subfield><subfield code="9">$0.00</subfield><subfield code="x">COPYID:867</subfield><subfield code="x">FSC@aRegular@c19981005</subfield><subfield code="h">306.4409664 C182a 1996</subfield><subfield code="z">Gift George &amp; Mary Huttar 6-97</subfield></datafield></record>