
<record><leader>01793cam a2200349   4500</leader><controlfield tag="008">700929m19699999oku      b    000 0 eng  </controlfield><datafield ind1=" " ind2=" " tag="010"><subfield code="a">   75630671 //r942</subfield></datafield><datafield ind1=" " ind2=" " tag="040"><subfield code="a">DLC</subfield><subfield code="c">DLC</subfield><subfield code="d">DLC</subfield><subfield code="d">TxDaGIAL</subfield></datafield><datafield ind1="0" ind2="0" tag="050"><subfield code="a">PM4063</subfield><subfield code="b">.S9</subfield></datafield><datafield ind1="0" ind2="0" tag="082"><subfield code="a">497/.9</subfield></datafield><datafield ind1="2" ind2="0" tag="110"><subfield code="a">Summer Institute of Linguistics.</subfield></datafield><datafield ind1="1" ind2="0" tag="245"><subfield code="a">Aztec studies /</subfield><subfield code="c">edited by Dow F. Robinson.</subfield></datafield><datafield ind1=" " ind2=" " tag="250"><subfield code="a">[1. ed.].</subfield></datafield><datafield ind1="1" ind2=" " tag="260"><subfield code="a">Norman, Okla.,</subfield><subfield code="c">[1969-&lt;1970   &gt;.</subfield></datafield><datafield ind1=" " ind2=" " tag="300"><subfield code="a">v. &lt;1-2   &gt; :</subfield><subfield code="b">map. ;</subfield><subfield code="c">23 cm.</subfield></datafield><datafield ind1=" " ind2="0" tag="440"><subfield code="a">Summer Institute of Linguistics publications in linguistics and related fields, publication ;</subfield><subfield code="v">no. 19</subfield></datafield><datafield ind1=" " ind2="0" tag="440"><subfield code="a">Summer Institute of Linguistics publications in linguistics and related fields, publication ;</subfield><subfield code="v">no. 22</subfield></datafield><datafield ind1=" " ind2=" " tag="504"><subfield code="a">Includes bibliographical references.</subfield></datafield><datafield ind1="1" ind2=" " tag="505"><subfield code="a">1. Phonological and grammatical studies in modern Nahuatl dialects / with articles by Forrest Brewer and others -- 2. Sierra Nahuat word structure / by Dow Frederick Robinson.</subfield></datafield><datafield ind1=" " ind2="0" tag="650"><subfield code="a">Nahuatl language</subfield><subfield code="x">Grammar.</subfield></datafield><datafield ind1="1" ind2="0" tag="700"><subfield code="a">Brewer, Forrest.</subfield></datafield><datafield ind1="1" ind2="0" tag="700"><subfield code="a">Robinson, Dow Frederick,</subfield><subfield code="e">ed.</subfield></datafield><datafield ind1=" " ind2=" " tag="035"><subfield code="a">(TxDaGIAL)37741100012635</subfield></datafield><controlfield tag="005">20080624154548.0</controlfield><controlfield tag="001">818</controlfield><controlfield tag="003">TxDaGIAL</controlfield><datafield ind1=" " ind2=" " tag="852"><subfield code="p">37741100012635</subfield><subfield code="a">Library</subfield><subfield code="x">COPYID:927</subfield><subfield code="x">FSC@aRegular@c19960718</subfield><subfield code="h">497.452 A997r vol.1 1969</subfield><subfield code="z">3000</subfield></datafield><datafield ind1=" " ind2=" " tag="852"><subfield code="p">37741100012636</subfield><subfield code="a">Library</subfield><subfield code="x">COPYID:928</subfield><subfield code="x">FSC@aRegular@c19960718</subfield><subfield code="h">497.452 A997r vol.1 1969</subfield><subfield code="z">2999</subfield></datafield><datafield ind1=" " ind2=" " tag="852"><subfield code="p">37741100012637</subfield><subfield code="a">Library</subfield><subfield code="x">COPYID:929</subfield><subfield code="x">FSC@aRegular@c19960718</subfield><subfield code="h">497.452 A997r vol.1 1969</subfield><subfield code="z">1442</subfield></datafield><datafield ind1=" " ind2=" " tag="852"><subfield code="p">37741100012638</subfield><subfield code="a">Library</subfield><subfield code="x">COPYID:930</subfield><subfield code="x">FSC@aRegular@c19960718</subfield><subfield code="h">497.452 A997r vol.2 1970</subfield><subfield code="z">3146</subfield></datafield><datafield ind1=" " ind2=" " tag="852"><subfield code="p">37741100012639</subfield><subfield code="a">Library</subfield><subfield code="x">COPYID:931</subfield><subfield code="x">FSC@aRegular@c19960718</subfield><subfield code="h">497.452 A997r vol.2 1970</subfield><subfield code="z">3147</subfield></datafield><datafield ind1=" " ind2=" " tag="852"><subfield code="p">37741100012640</subfield><subfield code="a">Library</subfield><subfield code="x">COPYID:932</subfield><subfield code="x">FSC@aRegular@c19960718</subfield><subfield code="h">497.452 A997r vol.2 1970</subfield><subfield code="z">1443</subfield></datafield></record>