
<record><leader>00871nam a2200229Ka 4500</leader><controlfield tag="008">880506s1981    ja           f00010 eng d</controlfield><datafield ind1=" " ind2=" " tag="035"><subfield code="a">(CU-UC)dlaisn3495645</subfield></datafield><datafield ind1=" " ind2=" " tag="040"><subfield code="a">GZM</subfield><subfield code="c">GZM</subfield><subfield code="d">CUY</subfield></datafield><datafield ind1="0" ind2=" " tag="041"><subfield code="a">engbal</subfield></datafield><datafield ind1="1" ind2="0" tag="100"><subfield code="a">Nawata, Tetsuo.</subfield></datafield><datafield ind1="1" ind2="0" tag="245"><subfield code="a">Baluchi /</subfield><subfield code="c">by Tetsuo Nawata.</subfield></datafield><datafield ind1="0" ind2=" " tag="260"><subfield code="a">[Tokyo] :</subfield><subfield code="b">&quot;Bunp&#333; Ky&#333;d&#333; Kenky&#363; Project&quot;, Institute for the Study of Languages and Cultures of Asia and Africa, Tokyo University of Foreign Studies,</subfield><subfield code="c">1981.</subfield></datafield><datafield ind1=" " ind2=" " tag="300"><subfield code="a">46 leaves :</subfield><subfield code="b">map ;</subfield><subfield code="c">18 cm.</subfield></datafield><datafield ind1="1" ind2=" " tag="490"><subfield code="a">Asian and African grammatical manual ;</subfield><subfield code="v">no. 17b</subfield></datafield><datafield ind1=" " ind2=" " tag="546"><subfield code="a">English.</subfield></datafield><datafield ind1=" " ind2="0" tag="650"><subfield code="a">Baluchi language</subfield><subfield code="x">Grammar.</subfield></datafield><datafield ind1=" " ind2="0" tag="830"><subfield code="a">Asian and African grammatical manual ;</subfield><subfield code="v">no. 17b.</subfield></datafield><datafield ind1=" " ind2=" " tag="035"><subfield code="a">(TxDaGIAL)37741100014518</subfield></datafield><controlfield tag="005">20080624154552.0</controlfield><controlfield tag="001">838</controlfield><controlfield tag="003">TxDaGIAL</controlfield><datafield ind1=" " ind2=" " tag="852"><subfield code="p">37741100014518</subfield><subfield code="a">Library</subfield><subfield code="x">COPYID:959</subfield><subfield code="x">FSC@aRegular@c19970121</subfield><subfield code="h">491.598 N328b 1981</subfield><subfield code="z">11509</subfield></datafield></record>