
<record><leader>00929cam a2200241 a 4500</leader><controlfield tag="008">930612m19939999ja       d    000 0 eng d</controlfield><datafield ind1=" " ind2=" " tag="010"><subfield code="a">   94217283 //r96</subfield></datafield><datafield ind1=" " ind2=" " tag="040"><subfield code="a">InU</subfield><subfield code="c">InU</subfield><subfield code="d">DLC</subfield></datafield><datafield ind1="0" ind2=" " tag="041"><subfield code="a">enghau</subfield></datafield><datafield ind1=" " ind2=" " tag="042"><subfield code="a">lccopycat</subfield></datafield><datafield ind1="0" ind2="4" tag="050"><subfield code="a">PL8233</subfield><subfield code="b">.M367 1993</subfield></datafield><datafield ind1="1" ind2=" " tag="100"><subfield code="a">Matsushita, Sh&#363;ji,</subfield><subfield code="d">1942-</subfield></datafield><datafield ind1="1" ind2="0" tag="245"><subfield code="a">Bargery toolbox 1 based on Rev. G.P. Bargery's A Hausa-English dictionary /</subfield><subfield code="c">Shuji Matsushita.</subfield></datafield><datafield ind1=" " ind2=" " tag="260"><subfield code="a">Tokyo :</subfield><subfield code="b">Institute for the Study of Languages and Cultures of Asia and Africa, Tokyo University of Foreign Studies,</subfield><subfield code="c">1993-</subfield></datafield><datafield ind1=" " ind2=" " tag="300"><subfield code="a">v. &lt;1-   &gt; ;</subfield><subfield code="c">26 cm.</subfield></datafield><datafield ind1="1" ind2=" " tag="505"><subfield code="a">v. 1. Hausa dialect vocabulary.</subfield></datafield><datafield ind1=" " ind2="0" tag="650"><subfield code="a">Hausa language</subfield><subfield code="v">Dictionaries</subfield><subfield code="x">English.</subfield></datafield><datafield ind1="1" ind2="1" tag="700"><subfield code="a">Bargery, G. P.</subfield><subfield code="t">Hausa-English dictionary.</subfield></datafield><datafield ind1=" " ind2=" " tag="035"><subfield code="a">(TxDaGIAL)37741100014696</subfield></datafield><controlfield tag="005">20080624154554.0</controlfield><controlfield tag="001">852</controlfield><controlfield tag="003">TxDaGIAL</controlfield><datafield ind1=" " ind2=" " tag="852"><subfield code="p">37741100014696</subfield><subfield code="a">Library</subfield><subfield code="x">COPYID:974</subfield><subfield code="x">FSC@aRegular@c19970127</subfield><subfield code="h">493.72321 M434b 1993</subfield><subfield code="z">7-93</subfield></datafield></record>