
<record><leader>00757nam a2200205 a 4500</leader><controlfield tag="008">970923s1989    ndu           000 0 eng d</controlfield><datafield ind1=" " ind2=" " tag="040"><subfield code="a">TxDaGIAL</subfield><subfield code="c">TxDaGIAL</subfield></datafield><datafield ind1="1" ind2=" " tag="100"><subfield code="a">Constable, Peter G.</subfield></datafield><datafield ind1="1" ind2="0" tag="245"><subfield code="a">Basic clause structure in Veracruz Huastec /</subfield><subfield code="c">by Peter G. Constable.</subfield></datafield><datafield ind1=" " ind2=" " tag="260"><subfield code="c">1989.</subfield></datafield><datafield ind1=" " ind2=" " tag="300"><subfield code="a">[107] leaves (xiv, 199 leaves reduced) :</subfield><subfield code="b">ill. ;</subfield><subfield code="c">29 cm.</subfield></datafield><datafield ind1=" " ind2=" " tag="502"><subfield code="a">Thesis (M.A.)--University of North Dakota, 1989.</subfield></datafield><datafield ind1=" " ind2=" " tag="504"><subfield code="a">Bibliography: leaves [192]-199.</subfield></datafield><datafield ind1=" " ind2="0" tag="650"><subfield code="a">Huastec language.</subfield></datafield><datafield ind1="2" ind2="0" tag="610"><subfield code="a">University of North Dakota</subfield><subfield code="x">Dissertations.</subfield></datafield><datafield ind1=" " ind2=" " tag="035"><subfield code="a">(TxDaGIAL)37741100020607</subfield></datafield><controlfield tag="005">20080624154557.0</controlfield><controlfield tag="001">861</controlfield><controlfield tag="003">TxDaGIAL</controlfield><datafield ind1=" " ind2=" " tag="852"><subfield code="p">37741100020607</subfield><subfield code="a">Library</subfield><subfield code="x">COPYID:985</subfield><subfield code="x">FSC@aRegular@c19970924</subfield><subfield code="h">497.415 C756b 1989</subfield><subfield code="z">author gift 2-90</subfield></datafield></record>