
<record><leader>00986nam a2200253 i 4500</leader><controlfield tag="008">810409s1947    pau      d    00000 eng  </controlfield><datafield ind1=" " ind2=" " tag="010"><subfield code="a">   47026851</subfield><subfield code="z">47026851</subfield></datafield><datafield ind1=" " ind2=" " tag="035"><subfield code="a">(CU-UC)dlaisn3235802</subfield></datafield><datafield ind1=" " ind2=" " tag="040"><subfield code="a">DLC</subfield><subfield code="c">CarP</subfield><subfield code="d">CStRLIN</subfield><subfield code="d">TxDaGIAL</subfield></datafield><datafield ind1="0" ind2=" " tag="050"><subfield code="a">PD5680</subfield><subfield code="b">.A6</subfield></datafield><datafield ind1=" " ind2=" " tag="082"><subfield code="a">439.73</subfield></datafield><datafield ind1="1" ind2="0" tag="100"><subfield code="a">Allwood, Martin Samuel,</subfield><subfield code="d">1916-</subfield></datafield><datafield ind1="1" ind2="0" tag="245"><subfield code="a">Basic Swedish word list :</subfield><subfield code="b">with English equivalents, frequency grading and a statistical analysis /</subfield><subfield code="c">by Martin S. Allwood and Inga Wilhelmsen.</subfield></datafield><datafield ind1="0" ind2=" " tag="260"><subfield code="a">Philadelphia, Penn. :</subfield><subfield code="b">Fortress Press,</subfield><subfield code="c">c1947.</subfield></datafield><datafield ind1=" " ind2=" " tag="300"><subfield code="a">48 p. ;</subfield><subfield code="c">28 cm.</subfield></datafield><datafield ind1=" " ind2=" " tag="504"><subfield code="a">Bibliography: p. [3] of cover.</subfield></datafield><datafield ind1=" " ind2="0" tag="650"><subfield code="a">Swedish language</subfield><subfield code="v">Glossaries, vocabularies, etc.</subfield></datafield><datafield ind1=" " ind2="0" tag="650"><subfield code="a">Swedish language</subfield><subfield code="v">Dictionaries</subfield><subfield code="x">English.</subfield></datafield><datafield ind1="1" ind2="0" tag="700"><subfield code="a">Wilhelmsen, Inga,</subfield><subfield code="d">1921-</subfield><subfield code="e">joint author.</subfield></datafield><datafield ind1=" " ind2=" " tag="035"><subfield code="a">(TxDaGIAL)37741100014053</subfield></datafield><controlfield tag="005">20080624154601.0</controlfield><controlfield tag="001">879</controlfield><controlfield tag="003">TxDaGIAL</controlfield><datafield ind1=" " ind2=" " tag="852"><subfield code="p">37741100014053</subfield><subfield code="a">Library</subfield><subfield code="x">COPYID:1005</subfield><subfield code="x">FSC@aRegular@c19961203</subfield><subfield code="h">439.73 A442b 1947</subfield><subfield code="z">13825</subfield></datafield></record>