
<record><leader>01016nam a2200253Ia 4500</leader><controlfield tag="008">810121r19761964ph            00000 eng d</controlfield><datafield ind1=" " ind2=" " tag="035"><subfield code="a">(CU-UC)5477533</subfield></datafield><datafield ind1=" " ind2=" " tag="040"><subfield code="a">OSU</subfield><subfield code="c">OSU</subfield><subfield code="d">m/c</subfield><subfield code="d">TxDaGIAL</subfield></datafield><datafield ind1="0" ind2=" " tag="041"><subfield code="a">engvie</subfield></datafield><datafield ind1="0" ind2="0" tag="245"><subfield code="a">Basic Vietnamese conversation course /</subfield><subfield code="c">Summer Institute of Linguistics, University of North Dakota.</subfield></datafield><datafield ind1="0" ind2=" " tag="260"><subfield code="a">Manila, Philippines :</subfield><subfield code="b">Summer Institute of Linguistics,</subfield><subfield code="c">1976.</subfield></datafield><datafield ind1=" " ind2=" " tag="300"><subfield code="a">122 p. ;</subfield><subfield code="c">17 cm.</subfield></datafield><datafield ind1=" " ind2=" " tag="500"><subfield code="a">Cover title: Basic Vietnamese course.</subfield></datafield><datafield ind1=" " ind2=" " tag="500"><subfield code="a">Originally published in 1964.</subfield></datafield><datafield ind1=" " ind2=" " tag="546"><subfield code="a">English.</subfield></datafield><datafield ind1=" " ind2="0" tag="650"><subfield code="a">Vietnamese language</subfield><subfield code="v">Conversation and phrase books.</subfield></datafield><datafield ind1="2" ind2="0" tag="710"><subfield code="a">Summer Institute of Linguistics.</subfield></datafield><datafield ind1="0" ind2="1" tag="740"><subfield code="a">Basic Vietnamese course.</subfield></datafield><datafield ind1=" " ind2=" " tag="035"><subfield code="a">(TxDaGIAL)37741100021607</subfield></datafield><controlfield tag="005">20080624154602.0</controlfield><controlfield tag="001">883</controlfield><controlfield tag="003">TxDaGIAL</controlfield><datafield ind1=" " ind2=" " tag="852"><subfield code="p">37741100021607</subfield><subfield code="a">Library</subfield><subfield code="x">COPYID:1009</subfield><subfield code="x">FSC@aRegular@c19980825</subfield><subfield code="h">495.922824 S955b 1976</subfield><subfield code="z">gift</subfield></datafield><datafield ind1=" " ind2=" " tag="852"><subfield code="p">37741100022020</subfield><subfield code="a">Library</subfield><subfield code="x">COPYID:1010</subfield><subfield code="x">FSC@aRegular@c19971203</subfield><subfield code="h">495.922824 S955b 1976</subfield><subfield code="z">gift from Manila</subfield></datafield></record>