
<record><leader>00995cam a2200277 a 4500</leader><controlfield tag="008">890907c19881987ohu      b    00110 eng  </controlfield><datafield ind1=" " ind2=" " tag="010"><subfield code="a">   88205975 //r93</subfield></datafield><datafield ind1=" " ind2=" " tag="020"><subfield code="a">0893571849</subfield></datafield><datafield ind1=" " ind2=" " tag="040"><subfield code="a">DLC</subfield><subfield code="c">DLC</subfield><subfield code="d">DLC</subfield></datafield><datafield ind1="0" ind2=" " tag="041"><subfield code="a">engine</subfield></datafield><datafield ind1="0" ind2="0" tag="050"><subfield code="a">P945</subfield><subfield code="b">.H39 1988</subfield></datafield><datafield ind1="0" ind2="0" tag="082"><subfield code="a">491/.99882421</subfield><subfield code="2">20</subfield></datafield><datafield ind1="1" ind2="0" tag="100"><subfield code="a">Held, Warren H.</subfield><subfield code="q">(Warren Howard),</subfield><subfield code="d">1928-1986.</subfield></datafield><datafield ind1="1" ind2="0" tag="245"><subfield code="a">Beginning Hittite /</subfield><subfield code="c">Warren H. Held, Jr., William R. Schmalstieg, Janet E. Gertz.</subfield></datafield><datafield ind1="0" ind2=" " tag="260"><subfield code="a">Columbus, Ohio (P.O. Box 14388, Columbus 43214) :</subfield><subfield code="b">Slavica Publishers,</subfield><subfield code="c">1988, c1987.</subfield></datafield><datafield ind1=" " ind2=" " tag="300"><subfield code="a">ix, 218 p. ;</subfield><subfield code="c">23 cm.</subfield></datafield><datafield ind1=" " ind2=" " tag="504"><subfield code="a">Bibliography: p. 212-215.</subfield></datafield><datafield ind1=" " ind2=" " tag="500"><subfield code="a">Includes index.</subfield></datafield><datafield ind1=" " ind2="0" tag="650"><subfield code="a">Hittite language</subfield><subfield code="x">Grammar.</subfield></datafield><datafield ind1="1" ind2="0" tag="700"><subfield code="a">Schmalstieg, William R.</subfield></datafield><datafield ind1="1" ind2="0" tag="700"><subfield code="a">Gertz, Janet E.</subfield></datafield><datafield ind1=" " ind2=" " tag="035"><subfield code="a">(TxDaGIAL)37741100007058</subfield></datafield><controlfield tag="005">20080624154608.0</controlfield><controlfield tag="001">909</controlfield><controlfield tag="003">TxDaGIAL</controlfield><datafield ind1=" " ind2=" " tag="852"><subfield code="p">37741100007058</subfield><subfield code="a">Library</subfield><subfield code="b">James E. Redden Coll</subfield><subfield code="x">COPYID:1044</subfield><subfield code="x">FSC@aRegular@c19950822</subfield><subfield code="h">491.99882421 H474b 1987</subfield><subfield code="z">Redden gift 9-93</subfield></datafield></record>