
<record><leader>02621cam a2200457 a 4500</leader><controlfield tag="008">860917s1986    nyu           00110 eng  </controlfield><datafield ind1=" " ind2=" " tag="010"><subfield code="a">   86205472 //r87</subfield></datafield><datafield ind1=" " ind2=" " tag="040"><subfield code="a">DLC</subfield><subfield code="c">DLC</subfield><subfield code="d">TxDaGIAL</subfield></datafield><datafield ind1="0" ind2=" " tag="041"><subfield code="a">engind</subfield></datafield><datafield ind1="0" ind2=" " tag="050"><subfield code="a">PL5073</subfield><subfield code="b">.O38 1986</subfield></datafield><datafield ind1="0" ind2=" " tag="082"><subfield code="a">499/.22182421</subfield><subfield code="2">19</subfield></datafield><datafield ind1="1" ind2="0" tag="100"><subfield code="a">Oetomo, Dede.</subfield></datafield><datafield ind1="1" ind2="0" tag="245"><subfield code="a">Beginning Indonesian through self-instruction /</subfield><subfield code="c">Dede Oetomo, Daniel Fietkiewicz, John U. Wolff.</subfield></datafield><datafield ind1=" " ind2=" " tag="250"><subfield code="a">2nd rev. ed.</subfield></datafield><datafield ind1="0" ind2=" " tag="260"><subfield code="a">Ithaca, N.Y. :</subfield><subfield code="b">Cornell University, Southeast Asia Program,</subfield><subfield code="c">1986.</subfield></datafield><datafield ind1=" " ind2=" " tag="300"><subfield code="a">xxiv, 877 p. ;</subfield><subfield code="c">25 cm. +</subfield><subfield code="e">58 cassette tapes.</subfield></datafield><datafield ind1=" " ind2=" " tag="500"><subfield code="a">Includes index.</subfield></datafield><datafield ind1=" " ind2="0" tag="650"><subfield code="a">Indonesian language</subfield><subfield code="v">Textbooks for foreign speakers</subfield><subfield code="x">English.</subfield></datafield><datafield ind1=" " ind2="0" tag="650"><subfield code="a">Indonesian language</subfield><subfield code="x">Self-instruction.</subfield></datafield><datafield ind1="1" ind2="0" tag="700"><subfield code="a">Fietkiewicz, Daniel.</subfield></datafield><datafield ind1="1" ind2="0" tag="700"><subfield code="a">Wolff, John U.</subfield></datafield><datafield ind1=" " ind2=" " tag="035"><subfield code="a">(TxDaGIAL)37741100012352</subfield></datafield><controlfield tag="005">20080624154608.0</controlfield><controlfield tag="001">910</controlfield><controlfield tag="003">TxDaGIAL</controlfield><datafield ind1=" " ind2=" " tag="852"><subfield code="p">37741100012352</subfield><subfield code="a">Library</subfield><subfield code="x">COPYID:1045</subfield><subfield code="x">FSC@aRegular@c19960709</subfield><subfield code="h">499.221824 O28b 1986</subfield><subfield code="z">12094</subfield></datafield><datafield ind1=" " ind2=" " tag="852"><subfield code="p">37741100012353</subfield><subfield code="a">Library</subfield><subfield code="x">COPYID:1046</subfield><subfield code="x">FSC@aRegular@c19960709</subfield><subfield code="h">499.221824 O28b 1986</subfield><subfield code="z">12095</subfield></datafield><datafield ind1=" " ind2=" " tag="852"><subfield code="p">37741100012354</subfield><subfield code="a">Library</subfield><subfield code="x">COPYID:1047</subfield><subfield code="x">FSC@aRegular@c19960709</subfield><subfield code="h">499.221824 O28b 1986</subfield><subfield code="z">12096</subfield></datafield><datafield ind1=" " ind2=" " tag="852"><subfield code="p">37741100012355</subfield><subfield code="a">Library</subfield><subfield code="x">COPYID:1048</subfield><subfield code="x">FSC@aRegular@c19960709</subfield><subfield code="h">499.221824 O28b TAPE 1.1-2.1</subfield></datafield><datafield ind1=" " ind2=" " tag="852"><subfield code="p">37741100012356</subfield><subfield code="a">Library</subfield><subfield code="x">COPYID:1049</subfield><subfield code="x">FSC@aRegular@c19960709</subfield><subfield code="h">499.221824 O28b TAPE 2.2-3.4</subfield></datafield><datafield ind1=" " ind2=" " tag="852"><subfield code="p">37741100012357</subfield><subfield code="a">Library</subfield><subfield code="x">COPYID:1050</subfield><subfield code="x">FSC@aRegular@c19960709</subfield><subfield code="h">499.221824 O28b TAPE 4.1-6.2</subfield></datafield><datafield ind1=" " ind2=" " tag="852"><subfield code="p">37741100012358</subfield><subfield code="a">Library</subfield><subfield code="x">COPYID:1051</subfield><subfield code="x">FSC@aRegular@c19960709</subfield><subfield code="h">499.221824 O28b TAPE 6.3-8.6</subfield></datafield><datafield ind1=" " ind2=" " tag="852"><subfield code="p">37741100012359</subfield><subfield code="a">Library</subfield><subfield code="x">COPYID:1052</subfield><subfield code="x">FSC@aRegular@c19960709</subfield><subfield code="h">499.221824 O28b TAPE 9.1-10.4</subfield></datafield><datafield ind1=" " ind2=" " tag="852"><subfield code="p">37741100012360</subfield><subfield code="a">Library</subfield><subfield code="x">COPYID:1053</subfield><subfield code="x">FSC@aRegular@c19960709</subfield><subfield code="h">499.221824 O28b TAPE 10.5-12.2</subfield></datafield><datafield ind1=" " ind2=" " tag="852"><subfield code="p">37741100012361</subfield><subfield code="a">Library</subfield><subfield code="x">COPYID:1054</subfield><subfield code="x">FSC@aRegular@c19960709</subfield><subfield code="h">499.221824 O28b TAPE 12.3-14.1</subfield></datafield><datafield ind1=" " ind2=" " tag="852"><subfield code="p">37741100012362</subfield><subfield code="a">Library</subfield><subfield code="x">COPYID:1055</subfield><subfield code="x">FSC@aRegular@c19960709</subfield><subfield code="h">499.221824 O28b TAPE 14.2-16.1</subfield></datafield><datafield ind1=" " ind2=" " tag="852"><subfield code="p">37741100012363</subfield><subfield code="a">Library</subfield><subfield code="x">COPYID:1056</subfield><subfield code="x">FSC@aRegular@c19960709</subfield><subfield code="h">499.221824 O28b TAPE 16.2-17.3</subfield></datafield><datafield ind1=" " ind2=" " tag="852"><subfield code="p">37741100012364</subfield><subfield code="a">Library</subfield><subfield code="x">COPYID:1057</subfield><subfield code="x">FSC@aRegular@c19960709</subfield><subfield code="h">499.221824 O28b TAPE 17.4-19.2</subfield></datafield><datafield ind1=" " ind2=" " tag="852"><subfield code="p">37741100012365</subfield><subfield code="a">Library</subfield><subfield code="x">COPYID:1058</subfield><subfield code="x">FSC@aRegular@c19960709</subfield><subfield code="h">499.221824 O28b TAPE 19.3-21.3</subfield></datafield><datafield ind1=" " ind2=" " tag="852"><subfield code="p">37741100012366</subfield><subfield code="a">Library</subfield><subfield code="x">COPYID:1059</subfield><subfield code="x">FSC@aRegular@c19960709</subfield><subfield code="h">499.221824 O28b TAPE 21.4-22.6</subfield></datafield><datafield ind1=" " ind2=" " tag="852"><subfield code="p">37741100012367</subfield><subfield code="a">Library</subfield><subfield code="x">COPYID:1060</subfield><subfield code="x">FSC@aRegular@c19960709</subfield><subfield code="h">499.221824 O28b TAPE 23.1-25.1</subfield></datafield></record>