
<record><leader>01294cam a2200301   4500</leader><controlfield tag="008">731205s1973    mtu      b    00010 eng  </controlfield><datafield ind1=" " ind2=" " tag="010"><subfield code="a">   72088769 //r912</subfield></datafield><datafield ind1=" " ind2=" " tag="020"><subfield code="a">0884140253</subfield></datafield><datafield ind1=" " ind2=" " tag="040"><subfield code="a">DLC</subfield><subfield code="c">DLC</subfield><subfield code="d">DLC</subfield></datafield><datafield ind1="0" ind2=" " tag="041"><subfield code="a">enggrc</subfield></datafield><datafield ind1="0" ind2="0" tag="050"><subfield code="a">PA617</subfield><subfield code="b">.F8 1973</subfield></datafield><datafield ind1="0" ind2="0" tag="082"><subfield code="a">487</subfield></datafield><datafield ind1="1" ind2="0" tag="100"><subfield code="a">Funk, Robert Walter,</subfield><subfield code="d">1926-</subfield></datafield><datafield ind1="1" ind2="2" tag="245"><subfield code="a">A beginning-intermediate grammar of Hellenistic Greek /</subfield><subfield code="c">[by] Robert W. Funk.</subfield></datafield><datafield ind1=" " ind2=" " tag="250"><subfield code="a">2d ed.</subfield></datafield><datafield ind1="0" ind2=" " tag="260"><subfield code="a">[Missoula, Mont.] :</subfield><subfield code="b">Society of Biblical Literature,</subfield><subfield code="c">1973.</subfield></datafield><datafield ind1=" " ind2=" " tag="300"><subfield code="a">3 v. ;</subfield><subfield code="c">29 cm.</subfield></datafield><datafield ind1=" " ind2="0" tag="440"><subfield code="a">Sources for biblical study ;</subfield><subfield code="v">2</subfield></datafield><datafield ind1=" " ind2=" " tag="504"><subfield code="a">Bibliography: v. 1, p. xix-xx.</subfield></datafield><datafield ind1="0" ind2=" " tag="505"><subfield code="a">1. Sight and sound. Nominal system. Verbal system. -- 2. Syntax. -- 3. Appendices, paradigms, index.</subfield></datafield><datafield ind1=" " ind2="0" tag="650"><subfield code="a">Greek language, Hellenistic (300 B.C.-600 A.D.)</subfield><subfield code="x">Grammar.</subfield></datafield><datafield ind1=" " ind2=" " tag="035"><subfield code="a">(TxDaGIAL)37741100012033</subfield></datafield><controlfield tag="005">20080624154609.0</controlfield><controlfield tag="001">912</controlfield><controlfield tag="003">TxDaGIAL</controlfield><datafield ind1=" " ind2=" " tag="852"><subfield code="p">37741100012033</subfield><subfield code="a">Library</subfield><subfield code="b">John Beekman Tran Li</subfield><subfield code="x">COPYID:1066</subfield><subfield code="x">FSC@aRegular@c19960618</subfield><subfield code="h">487.4 F982b 1973 vol.1</subfield><subfield code="z">7898</subfield></datafield><datafield ind1=" " ind2=" " tag="852"><subfield code="p">37741100012034</subfield><subfield code="a">Library</subfield><subfield code="b">John Beekman Tran Li</subfield><subfield code="x">COPYID:1067</subfield><subfield code="x">FSC@aRegular@c19960618</subfield><subfield code="h">487.4 F982b 1973 vol.2</subfield><subfield code="z">7897</subfield></datafield><datafield ind1=" " ind2=" " tag="852"><subfield code="p">37741100012035</subfield><subfield code="a">Library</subfield><subfield code="b">John Beekman Tran Li</subfield><subfield code="x">COPYID:1068</subfield><subfield code="x">FSC@aRegular@c19960618</subfield><subfield code="h">487.4 F982b 1973 vol.3</subfield><subfield code="z">7896</subfield></datafield></record>