
<record><leader>01383nam a2200325 i 4500</leader><controlfield tag="008">731205s1973    mtu      b    000 0 eng  </controlfield><datafield ind1=" " ind2=" " tag="010"><subfield code="z">   72088769</subfield></datafield><datafield ind1=" " ind2=" " tag="020"><subfield code="a">0891301488 (set)</subfield></datafield><datafield ind1=" " ind2=" " tag="020"><subfield code="z">0884140253 (vol.1)</subfield></datafield><datafield ind1=" " ind2=" " tag="020"><subfield code="z">088414027x (vol.2)</subfield></datafield><datafield ind1=" " ind2=" " tag="020"><subfield code="z">0884140288 (vol.3)</subfield></datafield><datafield ind1=" " ind2=" " tag="040"><subfield code="a">DLC</subfield><subfield code="c">DLC</subfield><subfield code="d">m.c.</subfield><subfield code="d">RPB</subfield><subfield code="d">RPB</subfield><subfield code="d">TxDaGIAL</subfield></datafield><datafield ind1="0" ind2=" " tag="041"><subfield code="a">enggrc</subfield></datafield><datafield ind1="0" ind2=" " tag="050"><subfield code="a">PA613</subfield><subfield code="b">.F8 1973a</subfield></datafield><datafield ind1="1" ind2=" " tag="100"><subfield code="a">Funk, Robert Walter,</subfield><subfield code="d">1926-</subfield></datafield><datafield ind1="1" ind2="2" tag="245"><subfield code="a">A beginning-intermediate grammar of Hellenistic Greek /</subfield><subfield code="c">by Robert W. Funk.</subfield></datafield><datafield ind1=" " ind2=" " tag="250"><subfield code="a">2d corrected ed.</subfield></datafield><datafield ind1=" " ind2=" " tag="260"><subfield code="a">Missoula, Mont. :</subfield><subfield code="b">Scholars Press for The Society of Biblical Literature,</subfield><subfield code="c">c1973</subfield><subfield code="g">(1977 printing)</subfield></datafield><datafield ind1=" " ind2=" " tag="300"><subfield code="a">3 v. ;</subfield><subfield code="c">26 cm.</subfield></datafield><datafield ind1=" " ind2="0" tag="440"><subfield code="a">Sources for biblical study ;</subfield><subfield code="v">2</subfield></datafield><datafield ind1="0" ind2=" " tag="505"><subfield code="a">1. Sight and sound. Nominal system. Verbal system. -- 2. Syntax. -- 3. Appendices, paradigms, index.</subfield></datafield><datafield ind1=" " ind2=" " tag="504"><subfield code="a">Bibliography: v. 1, p. xix-xx.</subfield></datafield><datafield ind1=" " ind2="0" tag="650"><subfield code="a">Greek language, Hellenistic (300 B.C.-600 A.D.)</subfield><subfield code="x">Grammar.</subfield></datafield><datafield ind1=" " ind2=" " tag="035"><subfield code="a">(TxDaGIAL)37741100014509</subfield></datafield><controlfield tag="005">20080624154609.0</controlfield><controlfield tag="001">913</controlfield><controlfield tag="003">TxDaGIAL</controlfield><datafield ind1=" " ind2=" " tag="852"><subfield code="p">37741100014509</subfield><subfield code="a">Library</subfield><subfield code="x">COPYID:1069</subfield><subfield code="x">FSC@aRegular@c19970116</subfield><subfield code="h">487.4 F982b 1973a vol.1</subfield><subfield code="z">6094</subfield></datafield><datafield ind1=" " ind2=" " tag="852"><subfield code="p">37741100014510</subfield><subfield code="a">Library</subfield><subfield code="x">COPYID:1070</subfield><subfield code="x">FSC@aRegular@c19970116</subfield><subfield code="h">487.4 F982b 1973a vol.2</subfield><subfield code="z">6095</subfield></datafield><datafield ind1=" " ind2=" " tag="852"><subfield code="p">37741100014511</subfield><subfield code="a">Library</subfield><subfield code="x">COPYID:1071</subfield><subfield code="x">FSC@aRegular@c19970116</subfield><subfield code="h">487.4 F982b 1973a vol.3</subfield><subfield code="z">6096</subfield></datafield></record>