
<record><leader>01040nam a2200265 i 4500</leader><controlfield tag="008">900723s1972    gt       b    00010 spa d</controlfield><datafield ind1=" " ind2=" " tag="035"><subfield code="a">NYPG90-B64023</subfield></datafield><datafield ind1=" " ind2=" " tag="035"><subfield code="a">(CStRLIN)PG90-B64023</subfield></datafield><datafield ind1=" " ind2=" " tag="040"><subfield code="a">NN</subfield><subfield code="c">NN</subfield></datafield><datafield ind1="0" ind2=" " tag="041"><subfield code="a">spamul</subfield></datafield><datafield ind1=" " ind2=" " tag="043"><subfield code="a">ncgt---</subfield></datafield><datafield ind1="1" ind2="0" tag="100"><subfield code="a">Hanson de Henne, Marilyn.</subfield></datafield><datafield ind1="1" ind2="0" tag="245"><subfield code="a">Bibliograf&#237;a del Instituto Ling&#252;&#237;stico de Verano en Centro Am&#233;rica, 1952-1977 /</subfield><subfield code="c">compilada por Marilyn Hanson de Henne y Beth Witt vda. de Studebaker.</subfield></datafield><datafield ind1="0" ind2=" " tag="260"><subfield code="a">Guatemala :</subfield><subfield code="b">El Instituto,</subfield><subfield code="c">1977.</subfield></datafield><datafield ind1=" " ind2=" " tag="300"><subfield code="a">40 p. ;</subfield><subfield code="c">21 cm.</subfield></datafield><datafield ind1="2" ind2="0" tag="610"><subfield code="a">Summer Institute of Linguistics.</subfield><subfield code="b">Central America</subfield><subfield code="v">Bibliography.</subfield></datafield><datafield ind1=" " ind2="0" tag="650"><subfield code="a">Indians of Central America</subfield><subfield code="z">Guatemala</subfield><subfield code="x">Languages</subfield><subfield code="v">Bibliography.</subfield></datafield><datafield ind1=" " ind2="0" tag="650"><subfield code="a">Jicaque language</subfield><subfield code="v">Bibliography.</subfield></datafield><datafield ind1="1" ind2="0" tag="700"><subfield code="a">Wittviuda de Studebaker, Beth,</subfield><subfield code="e">joint author.</subfield></datafield><datafield ind1="2" ind2="0" tag="710"><subfield code="a">Summer Institute of Linguistics.</subfield></datafield><datafield ind1=" " ind2=" " tag="035"><subfield code="a">(TxDaGIAL)37741100013597</subfield></datafield><controlfield tag="005">20080624154638.0</controlfield><controlfield tag="001">1031</controlfield><controlfield tag="003">TxDaGIAL</controlfield><datafield ind1=" " ind2=" " tag="852"><subfield code="p">37741100013597</subfield><subfield code="a">Library</subfield><subfield code="x">COPYID:1242</subfield><subfield code="x">FSC@aRegular@c19961017</subfield><subfield code="h">016.4109728 S955c 1977</subfield></datafield></record>