
<record><leader>01061cam a2200265 a 4500</leader><controlfield tag="008">840110q19801985onc      bc  l00010 eng  </controlfield><datafield ind1=" " ind2=" " tag="010"><subfield code="a">   84102502 //r92</subfield></datafield><datafield ind1=" " ind2=" " tag="040"><subfield code="a">DLC</subfield><subfield code="c">DLC</subfield><subfield code="d">DLC</subfield></datafield><datafield ind1=" " ind2=" " tag="043"><subfield code="a">n-cn-on</subfield></datafield><datafield ind1="0" ind2="0" tag="050"><subfield code="a">Z7119.E7</subfield><subfield code="b">E38 1980z</subfield><subfield code="a">PM61</subfield></datafield><datafield ind1="0" ind2="0" tag="082"><subfield code="a">016.497/1</subfield><subfield code="2">19</subfield></datafield><datafield ind1="1" ind2=" " tag="100"><subfield code="a">Edwards, Barry J.</subfield></datafield><datafield ind1="1" ind2="2" tag="245"><subfield code="a">A bibliography of Inuit (Eskimo) linguistics in collections of the Metropolitan Toronto Library /</subfield><subfield code="c">compiled by Barry Edwards in collaboration with Mary Love.</subfield></datafield><datafield ind1="0" ind2=" " tag="260"><subfield code="a">Toronto, Ont., Canada :</subfield><subfield code="b">Metropolitan Toronto Library Board, Languages Centre,</subfield><subfield code="c">[198-]</subfield></datafield><datafield ind1=" " ind2=" " tag="300"><subfield code="a">iii, 36 p. ;</subfield><subfield code="c">28 cm.</subfield></datafield><datafield ind1=" " ind2=" " tag="500"><subfield code="a">Cover title.</subfield></datafield><datafield ind1=" " ind2="0" tag="650"><subfield code="a">Inuit language</subfield><subfield code="v">Bibliography</subfield><subfield code="v">Catalogs.</subfield></datafield><datafield ind1="2" ind2="0" tag="610"><subfield code="a">Metropolitan Toronto Central Library.</subfield><subfield code="b">Languages Centre</subfield><subfield code="v">Catalogs.</subfield></datafield><datafield ind1="1" ind2="0" tag="700"><subfield code="a">Love, Mary.</subfield></datafield><datafield ind1="2" ind2="0" tag="710"><subfield code="a">Metropolitan Toronto Central Library.</subfield><subfield code="b">Languages Centre.</subfield></datafield><datafield ind1=" " ind2=" " tag="035"><subfield code="a">(TxDaGIAL)37741100012602</subfield></datafield><controlfield tag="005">20080624154643.0</controlfield><controlfield tag="001">1057</controlfield><controlfield tag="003">TxDaGIAL</controlfield><datafield ind1=" " ind2=" " tag="852"><subfield code="p">37741100012602</subfield><subfield code="a">Library</subfield><subfield code="x">COPYID:1270</subfield><subfield code="x">FSC@aRegular@c19960718</subfield><subfield code="h">016.4971 E26b 1982</subfield></datafield></record>