
<record><leader>00972nam a2200265 a 4500</leader><controlfield tag="008">920508s1991    np       b   f001 0 eng  </controlfield><datafield ind1=" " ind2=" " tag="010"><subfield code="a">   91909858</subfield></datafield><datafield ind1=" " ind2=" " tag="020"><subfield code="c">Rs120.00</subfield></datafield><datafield ind1=" " ind2=" " tag="025"><subfield code="a">N-E-5881</subfield></datafield><datafield ind1=" " ind2=" " tag="040"><subfield code="a">DLC</subfield><subfield code="c">DLC</subfield><subfield code="d">DLC</subfield></datafield><datafield ind1="0" ind2="0" tag="050"><subfield code="a">PK2595</subfield><subfield code="b">.B54 1991</subfield></datafield><datafield ind1="0" ind2="0" tag="082"><subfield code="a">016.491/49</subfield><subfield code="2">20</subfield></datafield><datafield ind1="0" ind2="2" tag="245"><subfield code="a">A Bibliography of Nepalese languages and linguistics /</subfield><subfield code="c">edited by Sueyoshi Toba.</subfield></datafield><datafield ind1=" " ind2=" " tag="260"><subfield code="a">Kathmandu :</subfield><subfield code="b">Linguistic Society of Nepal, Tribhuvan University,</subfield><subfield code="c">1991.</subfield></datafield><datafield ind1=" " ind2=" " tag="300"><subfield code="a">ix, 120 p. ;</subfield><subfield code="c">24 cm.</subfield></datafield><datafield ind1=" " ind2=" " tag="500"><subfield code="a">"500 copies"--T.p. verso.</subfield></datafield><datafield ind1=" " ind2=" " tag="500"><subfield code="a">Includes index.</subfield></datafield><datafield ind1=" " ind2="0" tag="650"><subfield code="a">Nepali language</subfield><subfield code="v">Bibliography.</subfield></datafield><datafield ind1="1" ind2="0" tag="700"><subfield code="a">Toba, Sueyoshi,</subfield><subfield code="d">1938-</subfield></datafield><datafield ind1=" " ind2=" " tag="035"><subfield code="a">(TxDaGIAL)37741100003314</subfield></datafield><controlfield tag="005">20080624154644.0</controlfield><controlfield tag="001">1062</controlfield><controlfield tag="003">TxDaGIAL</controlfield><datafield ind1=" " ind2=" " tag="852"><subfield code="p">37741100003314</subfield><subfield code="a">Library</subfield><subfield code="x">COPYID:1277</subfield><subfield code="x">FSC@aRegular@c19950407</subfield><subfield code="h">016.49149 T628b 1991</subfield><subfield code="z">gift 3092</subfield></datafield><datafield ind1=" " ind2=" " tag="852"><subfield code="p">37741100005323</subfield><subfield code="a">Library</subfield><subfield code="b">Kenneth L. Pike Coll</subfield><subfield code="x">COPYID:1278</subfield><subfield code="x">FSC@aRegular@c19950720</subfield><subfield code="h">016.49149 T628b 1991</subfield></datafield></record>