
<record><leader>00769nam a2200205 i 4500</leader><controlfield tag="008">960618s1996    txu           000 0 eng d</controlfield><datafield ind1=" " ind2=" " tag="040"><subfield code="a">TxDaGIAL</subfield><subfield code="c">TxDaGIAL</subfield></datafield><datafield ind1="1" ind2="4" tag="100"><subfield code="a">Wilson, Jonathan Paul.</subfield></datafield><datafield ind1="1" ind2="0" tag="245"><subfield code="a">Binandere nominal structures /</subfield><subfield code="c">by Jonathan Paul Wilson.</subfield></datafield><datafield ind1=" " ind2=" " tag="260"><subfield code="c">1996.</subfield></datafield><datafield ind1=" " ind2=" " tag="300"><subfield code="a">xiii leaves, 125 p. ;</subfield><subfield code="c">29 cm.</subfield></datafield><datafield ind1=" " ind2=" " tag="502"><subfield code="a">Thesis (M.A.)--University of Texas at Arlington, 1996.</subfield></datafield><datafield ind1=" " ind2=" " tag="504"><subfield code="a">Includes bibliographical references (p. 119-125).</subfield></datafield><datafield ind1=" " ind2="0" tag="650"><subfield code="a">Binandere language.</subfield></datafield><datafield ind1="2" ind2="0" tag="610"><subfield code="a">University of Texas at Arlington.</subfield><subfield code="b">Graduate School</subfield><subfield code="x">Thesis.</subfield></datafield><datafield ind1=" " ind2=" " tag="035"><subfield code="a">(TxDaGIAL)37741100012112</subfield></datafield><controlfield tag="005">20080624154657.0</controlfield><controlfield tag="001">1118</controlfield><controlfield tag="003">TxDaGIAL</controlfield><datafield ind1=" " ind2=" " tag="852"><subfield code="p">37741100012112</subfield><subfield code="a">Library</subfield><subfield code="9">$0.00</subfield><subfield code="x">COPYID:1350</subfield><subfield code="x">FSC@aRegular@c19960625</subfield><subfield code="h">499.1271 W749b 1996</subfield><subfield code="z">author gift</subfield></datafield></record>