
<record><leader>01152cam a2200265 i 4500</leader><controlfield tag="008">800305s1984    vau           a 0a0 eng d</controlfield><datafield ind1=" " ind2=" " tag="010"><subfield code="a">n  80024400</subfield></datafield><datafield ind1=" " ind2=" " tag="040"><subfield code="a">TxDaGIAL</subfield><subfield code="c">TxDaGIAL</subfield></datafield><datafield ind1="1" ind2="0" tag="100"><subfield code="a">Robinson, Lila Wistrand,</subfield><subfield code="d">1931-</subfield></datafield><datafield ind1="1" ind2="0" tag="245"><subfield code="a">Biota of the Cashibo/Cacataibo of Peru /</subfield><subfield code="c">collected and identified by Lila wistrand Robinson.</subfield></datafield><datafield ind1="1" ind2="0" tag="246"><subfield code="a">Fauna of the Cashibo</subfield></datafield><datafield ind1="1" ind2="3" tag="246"><subfield code="a">Flora of the Cashibo</subfield></datafield><datafield ind1=" " ind2=" " tag="260"><subfield code="a">Forest, Vir. :</subfield><subfield code="b">Lingua-Folk Publications,</subfield><subfield code="c">c1984.</subfield></datafield><datafield ind1=" " ind2=" " tag="300"><subfield code="a">ii, 31, 73 p. :</subfield><subfield code="b">ill., maps, photographs ;</subfield><subfield code="c">28 cm.</subfield></datafield><datafield ind1=" " ind2=" " tag="500"><subfield code="a">Includes (where identifiable): scientific name, Cashibo, Spanish, and English.</subfield></datafield><datafield ind1="0" ind2=" " tag="505"><subfield code="a">Part I. Fauna of the Cashibo -- Part II. Flora of the Cashibo.</subfield></datafield><datafield ind1=" " ind2=" " tag="670"><subfield code="a">Her Biota of the Cashibo/Cacataibo of Peru, c1984:</subfield><subfield code="b">t.p. (Lila Wistrand Robinson, Ph. D.; stamped copr. stmt.: Lila W. Robinson)</subfield></datafield><datafield ind1=" " ind2="0" tag="650"><subfield code="a">Botany</subfield><subfield code="x">Cashibo</subfield><subfield code="z">Peru.</subfield></datafield><datafield ind1=" " ind2="0" tag="650"><subfield code="a">Animals</subfield><subfield code="x">Cashibo</subfield><subfield code="z">Peru.</subfield></datafield><datafield ind1=" " ind2="0" tag="650"><subfield code="a">Cashibo language.</subfield></datafield><datafield ind1=" " ind2=" " tag="035"><subfield code="a">(TxDaGIAL)37741100019625</subfield></datafield><controlfield tag="005">20080624154700.0</controlfield><controlfield tag="001">1127</controlfield><controlfield tag="003">TxDaGIAL</controlfield><datafield ind1=" " ind2=" " tag="852"><subfield code="p">37741100019625</subfield><subfield code="a">Library</subfield><subfield code="x">COPYID:1359</subfield><subfield code="x">FSC@aRegular@c19970811</subfield><subfield code="h">570.9854 R662f 1984</subfield><subfield code="z">11392</subfield></datafield></record>