
<record><leader>00935nam a2200265 a 4500</leader><controlfield tag="008">900106s1989    onc      d    00110 eng  </controlfield><datafield ind1=" " ind2=" " tag="010"><subfield code="a">   89144686</subfield></datafield><datafield ind1=" " ind2=" " tag="020"><subfield code="a">0802026915 (alk. paper)</subfield></datafield><datafield ind1=" " ind2=" " tag="040"><subfield code="a">DLC</subfield><subfield code="c">DLC</subfield><subfield code="d">DLC</subfield></datafield><datafield ind1="0" ind2=" " tag="041"><subfield code="a">engbla</subfield></datafield><datafield ind1="0" ind2="0" tag="050"><subfield code="a">PM2343</subfield><subfield code="b">.F7 1989</subfield></datafield><datafield ind1="0" ind2="0" tag="082"><subfield code="a">497/.3</subfield><subfield code="2">20</subfield></datafield><datafield ind1="1" ind2="0" tag="100"><subfield code="a">Frantz, Donald.</subfield></datafield><datafield ind1="1" ind2="0" tag="245"><subfield code="a">Blackfoot dictionary of stems, roots, and affixes /</subfield><subfield code="c">Donald G. Frantz and Norma Jean Russell.</subfield></datafield><datafield ind1="0" ind2=" " tag="260"><subfield code="a">Toronto ;</subfield><subfield code="a">Buffalo :</subfield><subfield code="b">University of Toronto Press,</subfield><subfield code="c">c1989.</subfield></datafield><datafield ind1=" " ind2=" " tag="300"><subfield code="a">xxii, 470 p. ;</subfield><subfield code="c">24 cm.</subfield></datafield><datafield ind1=" " ind2=" " tag="500"><subfield code="a">Siksika and English.</subfield></datafield><datafield ind1=" " ind2="0" tag="650"><subfield code="a">Siksika language</subfield><subfield code="v">Dictionaries</subfield><subfield code="x">English.</subfield></datafield><datafield ind1=" " ind2="0" tag="650"><subfield code="a">English language</subfield><subfield code="v">Dictionaries</subfield><subfield code="x">Siksika.</subfield></datafield><datafield ind1="1" ind2="0" tag="700"><subfield code="a">Russell, Norma</subfield><subfield code="q">(Norma Jean)</subfield></datafield><datafield ind1=" " ind2=" " tag="035"><subfield code="a">(TxDaGIAL)37741100003599</subfield></datafield><controlfield tag="005">20080624154704.0</controlfield><controlfield tag="001">1144</controlfield><controlfield tag="003">TxDaGIAL</controlfield><datafield ind1=" " ind2=" " tag="852"><subfield code="p">37741100003599</subfield><subfield code="a">Library</subfield><subfield code="9">$65.00</subfield><subfield code="x">COPYID:1376</subfield><subfield code="x">FSC@aRegular@c19950419</subfield><subfield code="h">497.361 F836b 1989</subfield><subfield code="z">B/T 2-91</subfield></datafield></record>