
<record><leader>00977cam a2200265Ia 4500</leader><controlfield tag="008">870319s1986    miua     b    000 0 eng d</controlfield><datafield ind1=" " ind2=" " tag="020"><subfield code="a">0897200802 (pbk.)</subfield></datafield><datafield ind1=" " ind2=" " tag="040"><subfield code="a">IBT</subfield><subfield code="c">IBT</subfield><subfield code="d">AZU</subfield></datafield><datafield ind1="0" ind2=" " tag="041"><subfield code="a">engque</subfield></datafield><datafield ind1="1" ind2=" " tag="100"><subfield code="a">Crapo, Richley H.</subfield></datafield><datafield ind1="1" ind2="0" tag="245"><subfield code="a">Bolivian Quechua reader and grammar-dictionary /</subfield><subfield code="c">Richley H. Crapo and Percy Aitken.</subfield></datafield><datafield ind1=" " ind2=" " tag="260"><subfield code="a">Ann Arbor [Mich.] :</subfield><subfield code="b">Karoma Publishers,</subfield><subfield code="c">1986.</subfield></datafield><datafield ind1=" " ind2=" " tag="300"><subfield code="a">2 v. in 1 (iii, 151, ii, 84 p.) :</subfield><subfield code="b">ill. ;</subfield><subfield code="c">26 cm.</subfield></datafield><datafield ind1="0" ind2=" " tag="505"><subfield code="a">v.1. Quechua reader -- v.2. Quechua grammar and dictionary.</subfield></datafield><datafield ind1=" " ind2=" " tag="500"><subfield code="a">Caption title: Basic Quechua.</subfield></datafield><datafield ind1=" " ind2=" " tag="504"><subfield code="a">Bibliography: v. 2, p. 76-84.</subfield></datafield><datafield ind1=" " ind2="0" tag="650"><subfield code="a">Quechua language</subfield><subfield code="x">Dialects</subfield><subfield code="y">Bolivia.</subfield></datafield><datafield ind1=" " ind2="0" tag="650"><subfield code="a">Quechua language</subfield><subfield code="v">Readers.</subfield></datafield><datafield ind1="1" ind2="0" tag="700"><subfield code="a">Aitken, Percy.</subfield></datafield><datafield ind1="0" ind2="1" tag="740"><subfield code="a">Basic Quechua.</subfield></datafield><datafield ind1=" " ind2=" " tag="035"><subfield code="a">(TxDaGIAL)37741100016660</subfield></datafield><controlfield tag="005">20080624154708.0</controlfield><controlfield tag="001">1157</controlfield><controlfield tag="003">TxDaGIAL</controlfield><datafield ind1=" " ind2=" " tag="852"><subfield code="p">37741100016660</subfield><subfield code="a">Library</subfield><subfield code="9">$15.00</subfield><subfield code="x">COPYID:1395</subfield><subfield code="x">FSC@aRegular@c19970410</subfield><subfield code="h">498.3238 C893b 1986</subfield><subfield code="z">13195</subfield></datafield></record>