
<record><leader>00970nam a2200253 a 4500</leader><controlfield tag="008">890915s1987    gt       b    00010 spa  </controlfield><datafield ind1=" " ind2=" " tag="010"><subfield code="a">   89186273</subfield></datafield><datafield ind1=" " ind2=" " tag="040"><subfield code="a">DLC</subfield><subfield code="c">DLC</subfield><subfield code="d">DLC</subfield></datafield><datafield ind1="0" ind2=" " tag="041"><subfield code="a">spamyn</subfield></datafield><datafield ind1="0" ind2="0" tag="050"><subfield code="a">PM4319</subfield><subfield code="b">.S74 1987</subfield></datafield><datafield ind1="0" ind2="0" tag="082"><subfield code="a">497/.15</subfield><subfield code="2">20</subfield></datafield><datafield ind1="1" ind2="0" tag="100"><subfield code="a">Stevenson, Paul</subfield><subfield code="q">(Paul S.)</subfield></datafield><datafield ind1="1" ind2="0" tag="245"><subfield code="a">Bosquejo gramatical del idioma tectiteco /</subfield><subfield code="c">Paul Stevenson.</subfield></datafield><datafield ind1="0" ind2=" " tag="260"><subfield code="a">Guatemala :</subfield><subfield code="b">Instituto Ling&#252;&#237;stico de Verano de Centroam&#233;rica,</subfield><subfield code="c">c1987.</subfield></datafield><datafield ind1=" " ind2=" " tag="300"><subfield code="a">xix, 163 p. ;</subfield><subfield code="c">27 cm.</subfield></datafield><datafield ind1=" " ind2=" " tag="500"><subfield code="a">Spanish and Tectiteco.</subfield></datafield><datafield ind1=" " ind2=" " tag="504"><subfield code="a">Includes bibliographical references (p. 162-163).</subfield></datafield><datafield ind1=" " ind2="0" tag="650"><subfield code="a">Tectiteco language</subfield><subfield code="x">Grammar.</subfield></datafield><datafield ind1=" " ind2=" " tag="035"><subfield code="a">(TxDaGIAL)37741100007083</subfield></datafield><controlfield tag="005">20080624154717.0</controlfield><controlfield tag="001">1193</controlfield><controlfield tag="003">TxDaGIAL</controlfield><datafield ind1=" " ind2=" " tag="852"><subfield code="p">37741100007083</subfield><subfield code="a">Library</subfield><subfield code="x">COPYID:1436</subfield><subfield code="x">FSC@aRegular@c19950822</subfield><subfield code="h">497.415 S848b 1987</subfield><subfield code="z">gift author 11-88</subfield></datafield><datafield ind1=" " ind2=" " tag="852"><subfield code="p">37741100024478</subfield><subfield code="a">Library</subfield><subfield code="9">$0.00</subfield><subfield code="x">FUND:Gift</subfield><subfield code="x">COPYID:1437</subfield><subfield code="x">FSC@aRegular@c20010208</subfield><subfield code="h">497.415 S848b 1987</subfield><subfield code="z">Gift 10-00</subfield></datafield></record>