
<record><leader>01533nam a2200337Ia 4500</leader><controlfield tag="008">970522s1994    ilua          000 0 eng d</controlfield><datafield ind1=" " ind2=" " tag="020"><subfield code="a">1877979430</subfield></datafield><datafield ind1=" " ind2=" " tag="040"><subfield code="a">TxDaGIAL</subfield><subfield code="c">TxDaGIAL</subfield></datafield><datafield ind1="0" ind2=" " tag="041"><subfield code="a">engbur</subfield></datafield><datafield ind1="1" ind2=" " tag="100"><subfield code="a">Okell, John.</subfield></datafield><datafield ind1="1" ind2="0" tag="245"><subfield code="a">Burmese :</subfield><subfield code="b">an introduction to the script /</subfield><subfield code="c">by John Okell ; with assistance from U Saw Tun and Daw Khin Mya Swe.</subfield></datafield><datafield ind1=" " ind2=" " tag="260"><subfield code="a">[Dekalb] :</subfield><subfield code="b">Northern Illinois University, Center for Southeast Asian Studies,</subfield><subfield code="c">c1994.</subfield></datafield><datafield ind1=" " ind2=" " tag="300"><subfield code="a">428 p. :</subfield><subfield code="b">ill. ;</subfield><subfield code="c">28 cm. + 7 sound cassettes.</subfield></datafield><datafield ind1="1" ind2=" " tag="490"><subfield code="a">Southeast Asian language text series</subfield></datafield><datafield ind1=" " ind2=" " tag="500"><subfield code="a">Cover title: Burmese (Myanmar)</subfield></datafield><datafield ind1=" " ind2=" " tag="546"><subfield code="a">English.</subfield></datafield><datafield ind1=" " ind2="0" tag="650"><subfield code="a">Burmese language</subfield><subfield code="x">Writing.</subfield></datafield><datafield ind1=" " ind2="0" tag="650"><subfield code="a">Burmese language</subfield><subfield code="v">Textbooks for foreign speakers</subfield><subfield code="x">English.</subfield></datafield><datafield ind1=" " ind2="0" tag="650"><subfield code="a">Burmese language</subfield><subfield code="x">Self-instruction.</subfield></datafield><datafield ind1="0" ind2=" " tag="700"><subfield code="a">Saw Tun,</subfield><subfield code="c">U.</subfield></datafield><datafield ind1="0" ind2=" " tag="700"><subfield code="a">Hkin My&#333; Hswei,</subfield><subfield code="c">Daw.</subfield></datafield><datafield ind1="2" ind2=" " tag="710"><subfield code="a">Northern Illinois University.</subfield><subfield code="b">Center for Southeast Asian Studies.</subfield></datafield><datafield ind1=" " ind2="0" tag="830"><subfield code="a">Southeast Asian language text series.</subfield></datafield><datafield ind1=" " ind2=" " tag="035"><subfield code="a">(TxDaGIAL)37741100021129</subfield></datafield><controlfield tag="005">20080624154727.0</controlfield><controlfield tag="001">1233</controlfield><controlfield tag="003">TxDaGIAL</controlfield><datafield ind1=" " ind2=" " tag="852"><subfield code="p">37741100021129</subfield><subfield code="a">Library</subfield><subfield code="9">$51.00</subfield><subfield code="x">FUND:Ling</subfield><subfield code="x">COPYID:1479</subfield><subfield code="x">FSC@aRegular@c19971017</subfield><subfield code="h">495.8 O41bs 1994</subfield><subfield code="z">Dir. Cellar 10-97</subfield></datafield><datafield ind1=" " ind2=" " tag="852"><subfield code="p">37741100021130</subfield><subfield code="a">Library</subfield><subfield code="x">COPYID:1480</subfield><subfield code="x">FSC@aRegular@c19971017</subfield><subfield code="h">495.8 O41bs 1994 tapes1</subfield></datafield><datafield ind1=" " ind2=" " tag="852"><subfield code="p">37741100021131</subfield><subfield code="a">Library</subfield><subfield code="x">COPYID:1481</subfield><subfield code="x">FSC@aRegular@c19971017</subfield><subfield code="h">495.8 O41bs 1994 tapes2</subfield></datafield><datafield ind1=" " ind2=" " tag="852"><subfield code="p">37741100021132</subfield><subfield code="a">Library</subfield><subfield code="x">COPYID:1482</subfield><subfield code="x">FSC@aRegular@c19971017</subfield><subfield code="h">495.8 O41bs 1994 tapes3</subfield></datafield></record>