
<record><leader>00953nam a2200265 a 4500</leader><controlfield tag="008">890831s1981    enka     b    00010 eng  </controlfield><datafield ind1=" " ind2=" " tag="010"><subfield code="a">   89181572</subfield></datafield><datafield ind1=" " ind2=" " tag="020"><subfield code="a">0709938152</subfield></datafield><datafield ind1=" " ind2=" " tag="040"><subfield code="a">DLC</subfield><subfield code="c">DLC</subfield><subfield code="d">DLC</subfield></datafield><datafield ind1=" " ind2=" " tag="043"><subfield code="a">f-ua---</subfield></datafield><datafield ind1="0" ind2="0" tag="050"><subfield code="a">PJ6799.C3</subfield><subfield code="b">G37 1981</subfield></datafield><datafield ind1="1" ind2="0" tag="100"><subfield code="a">Gary, Judith Olmsted,</subfield><subfield code="d">d. 1981.</subfield></datafield><datafield ind1="1" ind2="0" tag="245"><subfield code="a">Cairene Egyptian colloquial Arabic /</subfield><subfield code="c">Judith Olmsted Gary and Saad Gamal-Eldin.</subfield></datafield><datafield ind1="0" ind2=" " tag="260"><subfield code="a">London ;</subfield><subfield code="a">Dover, N.H. :</subfield><subfield code="b">Croom Helm,</subfield><subfield code="c">[1981]</subfield></datafield><datafield ind1=" " ind2=" " tag="300"><subfield code="a">ix, 141 p. :</subfield><subfield code="b">ill. ;</subfield><subfield code="c">25 cm.</subfield></datafield><datafield ind1=" " ind2="0" tag="440"><subfield code="a">Croom Helm descriptive grammars</subfield></datafield><datafield ind1=" " ind2=" " tag="504"><subfield code="a">Includes bibliographical references (p. 141).</subfield></datafield><datafield ind1=" " ind2="0" tag="650"><subfield code="a">Arabic language</subfield><subfield code="x">Dialects</subfield><subfield code="z">Egypt</subfield><subfield code="z">Cairo.</subfield></datafield><datafield ind1=" " ind2="0" tag="650"><subfield code="a">Arabic language</subfield><subfield code="x">Dialects</subfield><subfield code="z">Egypt</subfield><subfield code="z">Cairo</subfield><subfield code="x">Grammar.</subfield></datafield><datafield ind1="1" ind2="0" tag="700"><subfield code="a">Gamal-Eldin, Saad M.</subfield></datafield><datafield ind1=" " ind2=" " tag="035"><subfield code="a">(TxDaGIAL)37741100007675</subfield></datafield><controlfield tag="005">20080624154730.0</controlfield><controlfield tag="001">1247</controlfield><controlfield tag="003">TxDaGIAL</controlfield><datafield ind1=" " ind2=" " tag="852"><subfield code="p">37741100007675</subfield><subfield code="a">Library</subfield><subfield code="x">COPYID:1497</subfield><subfield code="x">FSC@aRegular@c19950906</subfield><subfield code="h">492.7 G244c 1982</subfield><subfield code="z">8246</subfield></datafield></record>