
<record><leader>01229cam a2200349   4500</leader><controlfield tag="008">700807r19871970nyu      b    00010 eng  </controlfield><datafield ind1=" " ind2=" " tag="010"><subfield code="a">   78104614 //r86</subfield></datafield><datafield ind1=" " ind2=" " tag="020"><subfield code="a">0300011997</subfield></datafield><datafield ind1=" " ind2=" " tag="020"><subfield code="a">0300013140 (paper)</subfield></datafield><datafield ind1=" " ind2=" " tag="040"><subfield code="a">DLC</subfield><subfield code="c">DLC</subfield></datafield><datafield ind1="0" ind2=" " tag="041"><subfield code="a">engcam</subfield></datafield><datafield ind1="0" ind2=" " tag="050"><subfield code="a">PL4322</subfield><subfield code="b">.H8</subfield></datafield><datafield ind1=" " ind2=" " tag="082"><subfield code="a">495/.932/8642</subfield></datafield><datafield ind1="1" ind2="0" tag="100"><subfield code="a">Huffman, Franklin E.</subfield></datafield><datafield ind1="1" ind2="0" tag="245"><subfield code="a">Cambodian system of writing and beginning reader with drills and glossary /</subfield><subfield code="c">by Franklin E. Huffman. With the assistance of Chhom-Rak Thong Lambert and Im Proum.</subfield></datafield><datafield ind1="0" ind2=" " tag="260"><subfield code="a">Ithaca, N.Y. :</subfield><subfield code="b">Southeast Asia Program, Cornell University,</subfield><subfield code="c">1987.</subfield></datafield><datafield ind1=" " ind2=" " tag="300"><subfield code="a">xii, 365 p. ;</subfield><subfield code="c">26 cm.</subfield></datafield><datafield ind1=" " ind2=" " tag="350"><subfield code="a">12.00.</subfield></datafield><datafield ind1=" " ind2="0" tag="440"><subfield code="a">Yale linguistic series</subfield></datafield><datafield ind1=" " ind2=" " tag="500"><subfield code="a">Added title in Cambodian.</subfield></datafield><datafield ind1=" " ind2=" " tag="504"><subfield code="a">Bibliography: p. 363-365.</subfield></datafield><datafield ind1=" " ind2=" " tag="500"><subfield code="a">Originally published: Yale University, 1970.</subfield></datafield><datafield ind1=" " ind2="0" tag="650"><subfield code="a">Khmer language.</subfield></datafield><datafield ind1=" " ind2="0" tag="650"><subfield code="a">Khmer language</subfield><subfield code="x">Writing.</subfield></datafield><datafield ind1=" " ind2="0" tag="650"><subfield code="a">Khmer language</subfield><subfield code="v">Readers.</subfield></datafield><datafield ind1="1" ind2="0" tag="700"><subfield code="a">Lambert, Chhom-Rak Thong.</subfield></datafield><datafield ind1="0" ind2="0" tag="700"><subfield code="a">Im Proum.</subfield></datafield><datafield ind1=" " ind2=" " tag="035"><subfield code="a">(TxDaGIAL)37741100012578</subfield></datafield><controlfield tag="005">20080624154731.0</controlfield><controlfield tag="001">1254</controlfield><controlfield tag="003">TxDaGIAL</controlfield><datafield ind1=" " ind2=" " tag="852"><subfield code="p">37741100012578</subfield><subfield code="a">Library</subfield><subfield code="9">$17.50</subfield><subfield code="x">COPYID:1505</subfield><subfield code="x">FSC@aRegular@c19960717</subfield><subfield code="h">495.932 H889c 1987</subfield><subfield code="z">B/T 5-90</subfield></datafield></record>