
<record><leader>00808nam a2200253Ia 4500</leader><controlfield tag="008">880720r19711979miu     rb    00000 eng d</controlfield><datafield ind1=" " ind2=" " tag="035"><subfield code="a">(CU-UC)dlaisn4954091</subfield></datafield><datafield ind1=" " ind2=" " tag="040"><subfield code="c">CU-UC</subfield><subfield code="d">TxDaGIAL</subfield></datafield><datafield ind1="1" ind2="0" tag="100"><subfield code="a">Newman, Roxana Ma.</subfield></datafield><datafield ind1="1" ind2="2" tag="245"><subfield code="a">A case grammar of Ga'anda.</subfield></datafield><datafield ind1="1" ind2=" " tag="260"><subfield code="c">1971.</subfield></datafield><datafield ind1=" " ind2=" " tag="300"><subfield code="a">vii, 261 leaves. ;</subfield><subfield code="c">21 cm.</subfield></datafield><datafield ind1=" " ind2=" " tag="500"><subfield code="a">Includes vita.</subfield></datafield><datafield ind1=" " ind2=" " tag="502"><subfield code="a">Thesis (Ph.D.)--UCLA, 1971.</subfield></datafield><datafield ind1=" " ind2=" " tag="504"><subfield code="a">Includes bibliography.</subfield></datafield><datafield ind1=" " ind2=" " tag="546"><subfield code="a">English.</subfield></datafield><datafield ind1=" " ind2=" " tag="533"><subfield code="a">Facsim.</subfield><subfield code="b">Ann Arbor, Mich. :</subfield><subfield code="c">University Microfilms,</subfield><subfield code="d">1979.</subfield></datafield><datafield ind1=" " ind2="0" tag="650"><subfield code="a">Ga'anda language.</subfield></datafield><datafield ind1=" " ind2="0" tag="650"><subfield code="a">Dissertations, Academic</subfield><subfield code="x">UCLA</subfield><subfield code="x">Linguistics.</subfield></datafield><datafield ind1=" " ind2=" " tag="035"><subfield code="a">(TxDaGIAL)37741100014697</subfield></datafield><controlfield tag="005">20080624154739.0</controlfield><controlfield tag="001">1284</controlfield><controlfield tag="003">TxDaGIAL</controlfield><datafield ind1=" " ind2=" " tag="852"><subfield code="p">37741100014697</subfield><subfield code="a">Library</subfield><subfield code="x">COPYID:1546</subfield><subfield code="x">FSC@aRegular@c19970127</subfield><subfield code="h">493.7 N554c 1971</subfield><subfield code="z">5847</subfield></datafield></record>