
<record><leader>00780nam a2200205 i 4500</leader><controlfield tag="008">960702s1988    txu           000 0 eng d</controlfield><datafield ind1=" " ind2=" " tag="040"><subfield code="a">TxDaGIAL</subfield><subfield code="c">TxDaGIAL</subfield></datafield><datafield ind1="1" ind2=" " tag="100"><subfield code="a">Weber, Nancy L.</subfield></datafield><datafield ind1="1" ind2="0" tag="245"><subfield code="a">Case marking in Rapa Nui, the Polynesian language of Easter Island /</subfield><subfield code="c">by Nancy L. Weber.</subfield></datafield><datafield ind1=" " ind2=" " tag="260"><subfield code="c">1988.</subfield></datafield><datafield ind1=" " ind2=" " tag="300"><subfield code="a">xiii, 103 leaves ;</subfield><subfield code="c">28 cm.</subfield></datafield><datafield ind1=" " ind2=" " tag="502"><subfield code="a">Thesis (M.A.)--University of Texas at Arlington, 1988.</subfield></datafield><datafield ind1=" " ind2=" " tag="504"><subfield code="a">Bibliography: leaves 99-103.</subfield></datafield><datafield ind1=" " ind2="0" tag="650"><subfield code="a">Rapanui language</subfield><subfield code="x">Grammar.</subfield></datafield><datafield ind1="2" ind2="0" tag="610"><subfield code="a">University of Texas at Arlington.</subfield><subfield code="b">Graduate School</subfield><subfield code="x">Thesis.</subfield></datafield><datafield ind1=" " ind2=" " tag="035"><subfield code="a">(TxDaGIAL)37741100012291</subfield></datafield><controlfield tag="005">20080624154740.0</controlfield><controlfield tag="001">1286</controlfield><controlfield tag="003">TxDaGIAL</controlfield><datafield ind1=" " ind2=" " tag="852"><subfield code="p">37741100012291</subfield><subfield code="a">Library</subfield><subfield code="9">$0.00</subfield><subfield code="x">COPYID:1548</subfield><subfield code="x">FSC@aRegular@c19960703</subfield><subfield code="h">499.4 W374c 1988</subfield><subfield code="z">author gift 13784</subfield></datafield></record>