
<record><leader>00932nam a2200229 i 4500</leader><controlfield tag="008">960608s1996    txua          000 0 eng d</controlfield><datafield ind1=" " ind2=" " tag="040"><subfield code="a">TxDaGIAL</subfield><subfield code="c">TxDaGIAL</subfield></datafield><datafield ind1="1" ind2=" " tag="100"><subfield code="a">Burton, Scott Lynn.</subfield></datafield><datafield ind1="1" ind2="2" tag="245"><subfield code="a">A case study of lexical borrowing between language families :</subfield><subfield code="b">the East Mindanao and Manobo languages /</subfield><subfield code="c">by Scott Lynn Burton.</subfield></datafield><datafield ind1=" " ind2=" " tag="260"><subfield code="c">1996.</subfield></datafield><datafield ind1=" " ind2=" " tag="300"><subfield code="a">xi, 167 p. :</subfield><subfield code="b">ill., maps ;</subfield><subfield code="c">28 cm.</subfield></datafield><datafield ind1=" " ind2=" " tag="502"><subfield code="a">Thesis (M.A.)--University of Texas at Arlington, Aug., 1996.</subfield></datafield><datafield ind1=" " ind2=" " tag="504"><subfield code="a">Bibliography: p. 163-167.</subfield></datafield><datafield ind1=" " ind2="0" tag="650"><subfield code="a">Manobo languages</subfield><subfield code="x">Lexicology.</subfield></datafield><datafield ind1=" " ind2="0" tag="650"><subfield code="a">Magindanao language</subfield><subfield code="x">Lexicology.</subfield></datafield><datafield ind1=" " ind2="0" tag="650"><subfield code="a">Languages in contact</subfield><subfield code="z">Philippines.</subfield></datafield><datafield ind1="2" ind2="0" tag="610"><subfield code="a">University of Texas at Arlington.</subfield><subfield code="b">Graduate School</subfield><subfield code="x">Thesis.</subfield></datafield><datafield ind1=" " ind2=" " tag="035"><subfield code="a">(TxDaGIAL)37741100011846</subfield></datafield><controlfield tag="005">20080624154740.0</controlfield><controlfield tag="001">1289</controlfield><controlfield tag="003">TxDaGIAL</controlfield><datafield ind1=" " ind2=" " tag="852"><subfield code="p">37741100011846</subfield><subfield code="a">Library</subfield><subfield code="9">$0.00</subfield><subfield code="x">COPYID:1551</subfield><subfield code="x">FSC@aRegular@c19960611</subfield><subfield code="h">499.215 B974c 1996</subfield><subfield code="z">author gift</subfield></datafield></record>