
<record><leader>01220nam a2200301Ii 4500</leader><controlfield tag="008">771011s1962    mx a     d    00010 spa  </controlfield><datafield ind1=" " ind2=" " tag="010"><subfield code="a">   65047745</subfield></datafield><datafield ind1=" " ind2=" " tag="035"><subfield code="a">(CU-UC)873687</subfield></datafield><datafield ind1=" " ind2=" " tag="040"><subfield code="a">PAU</subfield><subfield code="c">PAU</subfield><subfield code="d">CU-S</subfield></datafield><datafield ind1="0" ind2=" " tag="041"><subfield code="a">spasai</subfield></datafield><datafield ind1="0" ind2=" " tag="050"><subfield code="a">PM4426.Z5</subfield><subfield code="b">A8</subfield></datafield><datafield ind1="1" ind2="0" tag="100"><subfield code="a">Aschmann, Herman P.</subfield></datafield><datafield ind1="1" ind2="0" tag="245"><subfield code="a">Castellano-totonaco, totonaco-castellano :</subfield><subfield code="b">dialecto de la Sierra /</subfield><subfield code="c">compilado por Herman P. Aschmann.</subfield></datafield><datafield ind1="0" ind2=" " tag="260"><subfield code="a">M&#233;xico :</subfield><subfield code="b">Instituto Ling&#252;&#237;stico de Verano,</subfield><subfield code="c">1962.</subfield></datafield><datafield ind1=" " ind2=" " tag="300"><subfield code="a">v, 171 p. :</subfield><subfield code="b">ill. ;</subfield><subfield code="c">21 cm.</subfield></datafield><datafield ind1="1" ind2=" " tag="490"><subfield code="a">Serie de vocabularios ind&#237;genas Mariano Silva y Aceves ;</subfield><subfield code="v">n&#250;m. 7</subfield></datafield><datafield ind1=" " ind2=" " tag="500"><subfield code="a">Cover title : Vocabulario totonaco de la Sierra.</subfield></datafield><datafield ind1=" " ind2=" " tag="546"><subfield code="a">Spanish.</subfield></datafield><datafield ind1=" " ind2="0" tag="650"><subfield code="a">Spanish language</subfield><subfield code="v">Dictionaries</subfield><subfield code="x">Totonac.</subfield></datafield><datafield ind1=" " ind2="0" tag="650"><subfield code="a">Totonac language</subfield><subfield code="v">Dictionaries</subfield><subfield code="x">Spanish.</subfield></datafield><datafield ind1="1" ind2="0" tag="700"><subfield code="a">Vocabulario totonaco de la Sierra.</subfield></datafield><datafield ind1=" " ind2="0" tag="830"><subfield code="a">Serie de vocabularios ind&#237;genas Mariano Silva y Aceves ;</subfield><subfield code="v">no. 7.</subfield></datafield><datafield ind1=" " ind2=" " tag="035"><subfield code="a">(TxDaGIAL)37741100016209</subfield></datafield><controlfield tag="005">20080624154742.0</controlfield><controlfield tag="001">1298</controlfield><controlfield tag="003">TxDaGIAL</controlfield><datafield ind1=" " ind2=" " tag="852"><subfield code="p">37741100016209</subfield><subfield code="a">Library</subfield><subfield code="x">COPYID:1561</subfield><subfield code="x">FSC@aRegular@c19970325</subfield><subfield code="h">497.41 A814v 1962</subfield><subfield code="z">829</subfield></datafield><datafield ind1=" " ind2=" " tag="852"><subfield code="p">37741100016210</subfield><subfield code="a">Library</subfield><subfield code="x">COPYID:1562</subfield><subfield code="x">FSC@aRegular@c19970325</subfield><subfield code="h">497.41 A814v 1962</subfield><subfield code="z">3349</subfield></datafield></record>