
<record><leader>00941nam a2200229 i 4500</leader><controlfield tag="008">960511s1961    ph            000 0 eng d</controlfield><datafield ind1=" " ind2=" " tag="040"><subfield code="a">TxDaGIAL</subfield><subfield code="c">TxDaGIAL</subfield></datafield><datafield ind1="1" ind2=" " tag="041"><subfield code="a">tageng</subfield></datafield><datafield ind1="1" ind2=" " tag="100"><subfield code="a">Morey, Virginia.</subfield></datafield><datafield ind1="1" ind2="0" tag="245"><subfield code="a">Cebuano reference materials /</subfield><subfield code="c">by Virginia Morey ; edited by Howard P. McKaughan.</subfield></datafield><datafield ind1=" " ind2=" " tag="260"><subfield code="a">[Manila] :</subfield><subfield code="b">The Summer Institute of Linguistics, Philippines and The Philippine Association for Language Teaching,</subfield><subfield code="c">1961.</subfield></datafield><datafield ind1=" " ind2=" " tag="300"><subfield code="a">viii, 223, [21] p. ;</subfield><subfield code="c">28 cm.</subfield></datafield><datafield ind1=" " ind2=" " tag="504"><subfield code="a">Bibliography: p. iii.</subfield></datafield><datafield ind1=" " ind2=" " tag="500"><subfield code="a">Errata and addenda.</subfield></datafield><datafield ind1=" " ind2="0" tag="650"><subfield code="a">Cebuano language.</subfield></datafield><datafield ind1="1" ind2="0" tag="700"><subfield code="a">McKaughan, Howard,</subfield><subfield code="d">1922-</subfield></datafield><datafield ind1=" " ind2=" " tag="035"><subfield code="a">(TxDaGIAL)37741100011351</subfield></datafield><controlfield tag="005">20080624154744.0</controlfield><controlfield tag="001">1312</controlfield><controlfield tag="003">TxDaGIAL</controlfield><datafield ind1=" " ind2=" " tag="852"><subfield code="p">37741100011351</subfield><subfield code="a">Library</subfield><subfield code="x">COPYID:1579</subfield><subfield code="x">FSC@aRegular@c19960503</subfield><subfield code="h">499.2156 M845c 1961</subfield><subfield code="z">author gift 2-91</subfield></datafield><datafield ind1=" " ind2=" " tag="852"><subfield code="p">37741100011352</subfield><subfield code="a">Library</subfield><subfield code="x">COPYID:1580</subfield><subfield code="x">FSC@aRegular@c19960503</subfield><subfield code="h">499.2156 M845c 1961</subfield><subfield code="z">author gift 2-91</subfield></datafield></record>