
<record><leader>01033nam a2200253 i 4500</leader><controlfield tag="008">901029s1960    xxu           00000 cho d</controlfield><datafield ind1=" " ind2=" " tag="040"><subfield code="d">TxDaGIAL</subfield></datafield><datafield ind1="0" ind2="0" tag="245"><subfield code="a">Chahta vba isht taloa holisso. :</subfield><subfield code="b">Choctaw hymn book.</subfield></datafield><datafield ind1="0" ind2=" " tag="260"><subfield code="b">Home Mission Board, Southern Baptist Convention,</subfield><subfield code="c">nd.</subfield></datafield><datafield ind1=" " ind2=" " tag="300"><subfield code="a">252 p. ;</subfield><subfield code="c">13 cm.</subfield></datafield><datafield ind1=" " ind2=" " tag="500"><subfield code="a">[Compiled and translated by Alfred Wright and Cyrus Byington. Cf. J.C. Pilling, Bibl. of the Muskhogean Languages.]</subfield></datafield><datafield ind1=" " ind2=" " tag="500"><subfield code="a">Verso of p. 199 numbered 199* and followed by 2 p. numbered 199+ and 199# respectively; verso of p. 202 blank.</subfield></datafield><datafield ind1=" " ind2=" " tag="500"><subfield code="a">Without music.</subfield></datafield><datafield ind1=" " ind2=" " tag="500"><subfield code="a">Includes Articles of Faith and Solemnization of Marriage in Choctaw.</subfield></datafield><datafield ind1=" " ind2=" " tag="546"><subfield code="a">Choctaw.</subfield></datafield><datafield ind1=" " ind2="0" tag="650"><subfield code="a">Hymns, Choctaw.</subfield></datafield><datafield ind1=" " ind2="0" tag="650"><subfield code="a">Choctaw language</subfield><subfield code="v">Texts.</subfield></datafield><datafield ind1="1" ind2="0" tag="700"><subfield code="a">Byington, Cyrus,</subfield><subfield code="d">1793-1868.</subfield></datafield><datafield ind1="0" ind2="1" tag="740"><subfield code="a">Choctaw hymn book.</subfield></datafield><datafield ind1=" " ind2=" " tag="035"><subfield code="a">(TxDaGIAL)37741100019889</subfield></datafield><controlfield tag="005">20080624154749.0</controlfield><controlfield tag="001">1332</controlfield><controlfield tag="003">TxDaGIAL</controlfield><datafield ind1=" " ind2=" " tag="852"><subfield code="p">37741100019889</subfield><subfield code="a">Library</subfield><subfield code="x">COPYID:1601</subfield><subfield code="x">FSC@aRegular@c19970819</subfield><subfield code="h">264.23 C545</subfield><subfield code="z">3612</subfield></datafield></record>