
<record><leader>00794nam a2200205 a 4500</leader><controlfield tag="008">970715s1996    cau           000 0 eng d</controlfield><datafield ind1=" " ind2=" " tag="040"><subfield code="a">TxDaGIAL</subfield><subfield code="c">TxDaGIAL</subfield></datafield><datafield ind1="0" ind2="0" tag="245"><subfield code="a">Cherokee papers from UCLA /</subfield><subfield code="c">by Filippo Beghelli ... [et al.]; edited by Pamela Munro.</subfield></datafield><datafield ind1=" " ind2=" " tag="260"><subfield code="a">Los Angeles :</subfield><subfield code="b">University of California, Los Angeles :</subfield><subfield code="b">Dept of Linguistics,</subfield><subfield code="c">1996.</subfield></datafield><datafield ind1=" " ind2=" " tag="300"><subfield code="a">138 p. :</subfield><subfield code="b">ill. ;</subfield><subfield code="c">28 cm.</subfield></datafield><datafield ind1=" " ind2="0" tag="440"><subfield code="a">UCLA occasional papers in linguistics ;</subfield><subfield code="v">no. 16</subfield></datafield><datafield ind1=" " ind2=" " tag="504"><subfield code="a">Includes bibliographical references ( p. 133-138).</subfield></datafield><datafield ind1=" " ind2="0" tag="650"><subfield code="a">Cherokee language.</subfield></datafield><datafield ind1="1" ind2="0" tag="700"><subfield code="a">Beghelli, Filippo.</subfield></datafield><datafield ind1="1" ind2="0" tag="700"><subfield code="a">Munro, Pamela.</subfield></datafield><datafield ind1=" " ind2=" " tag="035"><subfield code="a">(TxDaGIAL)37741100019054</subfield></datafield><controlfield tag="005">20080624154757.0</controlfield><controlfield tag="001">1362</controlfield><controlfield tag="003">TxDaGIAL</controlfield><datafield ind1=" " ind2=" " tag="852"><subfield code="p">37741100019054</subfield><subfield code="a">Library</subfield><subfield code="x">COPYID:1635</subfield><subfield code="x">FSC@aRegular@c19970716</subfield><subfield code="h">497.55 C522m 1996</subfield></datafield></record>