
<record><leader>00822cam a2200241 i 4500</leader><controlfield tag="008">790822s1979    mtu      b    00010 eng  </controlfield><datafield ind1=" " ind2=" " tag="010"><subfield code="a">   79115104</subfield></datafield><datafield ind1=" " ind2=" " tag="040"><subfield code="a">DLC</subfield><subfield code="c">DLC</subfield></datafield><datafield ind1="0" ind2=" " tag="041"><subfield code="a">engchy</subfield></datafield><datafield ind1="0" ind2=" " tag="050"><subfield code="a">PM795</subfield><subfield code="b">.L4</subfield></datafield><datafield ind1=" " ind2=" " tag="082"><subfield code="a">497/.3</subfield></datafield><datafield ind1="1" ind2="0" tag="100"><subfield code="a">Leman, Wayne.</subfield></datafield><datafield ind1="1" ind2="0" tag="245"><subfield code="a">Cheyenne grammar notes /</subfield><subfield code="c">by Wayne Leman.</subfield></datafield><datafield ind1="0" ind2=" " tag="260"><subfield code="a">Lame Deer, Mont. :</subfield><subfield code="b">Northern Cheyenne Bilingual Education Program,</subfield><subfield code="c">1979.</subfield></datafield><datafield ind1=" " ind2=" " tag="300"><subfield code="a">vii, 227 p. ;</subfield><subfield code="c">28 cm.</subfield></datafield><datafield ind1=" " ind2=" " tag="500"><subfield code="a">Rev. ed. published as: A reference grammar of the Cheyenne language. 2nd ed. 1980, [c1979]</subfield></datafield><datafield ind1=" " ind2=" " tag="504"><subfield code="a">Bibliography: p. 227.</subfield></datafield><datafield ind1=" " ind2="0" tag="650"><subfield code="a">Cheyenne language</subfield><subfield code="x">Grammar.</subfield></datafield><datafield ind1=" " ind2=" " tag="035"><subfield code="a">(TxDaGIAL)37741100003600</subfield></datafield><controlfield tag="005">20080624154757.0</controlfield><controlfield tag="001">1365</controlfield><controlfield tag="003">TxDaGIAL</controlfield><datafield ind1=" " ind2=" " tag="852"><subfield code="p">37741100003600</subfield><subfield code="a">Library</subfield><subfield code="x">COPYID:1638</subfield><subfield code="x">FSC@aRegular@c19950419</subfield><subfield code="h">497.364 L547c 1979</subfield><subfield code="z">11834</subfield></datafield></record>