
<record><leader>00681nam a2200169 a 4500</leader><controlfield tag="008">971117s1977    mtu           000 0 eng d</controlfield><datafield ind1=" " ind2=" " tag="040"><subfield code="a">TxDaGIAL</subfield><subfield code="c">TxDaGIAL</subfield></datafield><datafield ind1="0" ind2="0" tag="245"><subfield code="a">Cheyenne short stories :</subfield><subfield code="b">told by Mrs. Albert Hoffman ... [et al.] /</subfield><subfield code="c">transcribed by Donald Olson, Danny Alford, Wayne Leman.</subfield></datafield><datafield ind1=" " ind2=" " tag="260"><subfield code="a">Billings, Mont. :</subfield><subfield code="b">Montana Council for Indian Education,</subfield><subfield code="c">c1977.</subfield></datafield><datafield ind1=" " ind2=" " tag="300"><subfield code="a">32 p. :</subfield><subfield code="b">ill. ;</subfield><subfield code="c">23 cm.</subfield></datafield><datafield ind1=" " ind2=" " tag="500"><subfield code="a">Text in Cheyenne with English translation.</subfield></datafield><datafield ind1=" " ind2="0" tag="650"><subfield code="a">Cheyenne language.</subfield></datafield><datafield ind1=" " ind2=" " tag="035"><subfield code="a">(TxDaGIAL)37741100021864</subfield></datafield><controlfield tag="005">20080624154757.0</controlfield><controlfield tag="001">1366</controlfield><controlfield tag="003">TxDaGIAL</controlfield><datafield ind1=" " ind2=" " tag="852"><subfield code="p">37741100021864</subfield><subfield code="a">Library</subfield><subfield code="x">COPYID:1639</subfield><subfield code="x">FSC@aRegular@c19971118</subfield><subfield code="h">497.364 C531 1977</subfield><subfield code="z">4785</subfield></datafield></record>