
<record><leader>01294cam a2200325 i 4500</leader><controlfield tag="008">800724s1980    cou      b    000 0 eng  </controlfield><datafield ind1=" " ind2=" " tag="010"><subfield code="a">   80114910 //r94</subfield></datafield><datafield ind1=" " ind2=" " tag="040"><subfield code="a">DLC</subfield><subfield code="c">DLC</subfield><subfield code="d">DLC</subfield></datafield><datafield ind1="0" ind2=" " tag="041"><subfield code="a">engche</subfield></datafield><datafield ind1=" " ind2=" " tag="043"><subfield code="a">np-----</subfield></datafield><datafield ind1="0" ind2="0" tag="050"><subfield code="a">PM795.Z73</subfield><subfield code="b">C47</subfield></datafield><datafield ind1="0" ind2="0" tag="082"><subfield code="a">497/.3</subfield><subfield code="2">19</subfield></datafield><datafield ind1="0" ind2="0" tag="245"><subfield code="a">Cheyenne texts :</subfield><subfield code="b">an introduction to Cheyenne literature /</subfield><subfield code="c">told by Cheyennes ; edited and transcribed by Wayne Leman.</subfield></datafield><datafield ind1="0" ind2=" " tag="260"><subfield code="a">Eastlake, Colo. :</subfield><subfield code="b">Summer Institute of Linguistics,</subfield><subfield code="c">1980.</subfield></datafield><datafield ind1=" " ind2=" " tag="300"><subfield code="a">x, 93 p. ;</subfield><subfield code="c">28 cm.</subfield></datafield><datafield ind1=" " ind2=" " tag="500"><subfield code="a">Text in Cheyenne and English.</subfield></datafield><datafield ind1=" " ind2=" " tag="504"><subfield code="a">Bibliography: p. 93.</subfield></datafield><datafield ind1=" " ind2="0" tag="650"><subfield code="a">Cheyenne language</subfield><subfield code="v">Texts.</subfield></datafield><datafield ind1=" " ind2="0" tag="650"><subfield code="a">Cheyenne Indians</subfield><subfield code="v">Folklore.</subfield></datafield><datafield ind1=" " ind2="0" tag="650"><subfield code="a">Cheyenne Indians</subfield><subfield code="x">Social life and customs.</subfield></datafield><datafield ind1=" " ind2="0" tag="650"><subfield code="a">Indians of North America</subfield><subfield code="z">Great Plains</subfield><subfield code="v">Folklore.</subfield></datafield><datafield ind1=" " ind2="0" tag="650"><subfield code="a">Indians of North America</subfield><subfield code="z">Great Plains</subfield><subfield code="x">Social life and customs.</subfield></datafield><datafield ind1="1" ind2="0" tag="700"><subfield code="a">Leman, Wayne.</subfield></datafield><datafield ind1=" " ind2=" " tag="035"><subfield code="a">(TxDaGIAL)37741100003604</subfield></datafield><controlfield tag="005">20080624154758.0</controlfield><controlfield tag="001">1367</controlfield><controlfield tag="003">TxDaGIAL</controlfield><datafield ind1=" " ind2=" " tag="852"><subfield code="p">37741100003604</subfield><subfield code="a">Library</subfield><subfield code="x">COPYID:1640</subfield><subfield code="x">FSC@aRegular@c19950419</subfield><subfield code="h">497.364 C531 1980</subfield></datafield><datafield ind1=" " ind2=" " tag="852"><subfield code="p">37741100003605</subfield><subfield code="a">Library</subfield><subfield code="x">COPYID:1641</subfield><subfield code="x">FSC@aRegular@c19950419</subfield><subfield code="h">497.364 C531 1980</subfield></datafield><datafield ind1=" " ind2=" " tag="852"><subfield code="p">37741100003606</subfield><subfield code="a">Library</subfield><subfield code="x">COPYID:1642</subfield><subfield code="x">FSC@aRegular@c19950419</subfield><subfield code="h">497.364 C531 1980</subfield></datafield></record>