
<record><leader>01189aam a2200277 a 4500</leader><controlfield tag="008">940521s1993    xxu      b   s001 0 eng  </controlfield><datafield ind1=" " ind2=" " tag="010"><subfield code="a">   94149237</subfield></datafield><datafield ind1=" " ind2=" " tag="020"><subfield code="a">0888642407 (pbk.) :</subfield><subfield code="c">$34.95</subfield></datafield><datafield ind1=" " ind2=" " tag="040"><subfield code="a">DLC</subfield><subfield code="c">DLC</subfield><subfield code="d">TxDaGIAL</subfield></datafield><datafield ind1=" " ind2=" " tag="043"><subfield code="a">a-cc---</subfield></datafield><datafield ind1="0" ind2="0" tag="050"><subfield code="a">PL1129.E5</subfield><subfield code="b">P55 1993</subfield></datafield><datafield ind1="0" ind2="0" tag="082"><subfield code="a">495.1/82421</subfield><subfield code="2">20</subfield></datafield><datafield ind1="1" ind2=" " tag="100"><subfield code="a">Phillips, Clifford H.,</subfield><subfield code="d">1920-</subfield></datafield><datafield ind1="1" ind2="0" tag="245"><subfield code="a">China beckons :</subfield><subfield code="b">an insight to the culture and the national language /</subfield><subfield code="c">Clifford H. Phillips, [Lei Houtian].</subfield></datafield><datafield ind1=" " ind2=" " tag="260"><subfield code="a">Edmonton, Alta., Canada :</subfield><subfield code="b">University of Alberta Press,</subfield><subfield code="c">c1993.</subfield></datafield><datafield ind1=" " ind2=" " tag="300"><subfield code="a">xix, 324 p. ;</subfield><subfield code="c">23 cm. +</subfield><subfield code="e">1 sound cassette (90 min.)</subfield></datafield><datafield ind1=" " ind2=" " tag="504"><subfield code="a">Includes bibliographical references (p. 285-287) and index.</subfield></datafield><datafield ind1=" " ind2="0" tag="650"><subfield code="a">Chinese language</subfield><subfield code="v">Textbooks for foreign speakers</subfield><subfield code="x">English.</subfield></datafield><datafield ind1=" " ind2="0" tag="650"><subfield code="a">Chinese language</subfield><subfield code="x">Business Chinese.</subfield></datafield><datafield ind1=" " ind2="0" tag="651"><subfield code="a">China</subfield><subfield code="x">Social life and customs.</subfield></datafield><datafield ind1=" " ind2=" " tag="035"><subfield code="a">(TxDaGIAL)37741100005791</subfield></datafield><controlfield tag="005">20080624154807.0</controlfield><controlfield tag="001">1398</controlfield><controlfield tag="003">TxDaGIAL</controlfield><datafield ind1=" " ind2=" " tag="852"><subfield code="p">37741100005791</subfield><subfield code="a">Library</subfield><subfield code="9">$30.41</subfield><subfield code="x">COPYID:1681</subfield><subfield code="x">FSC@aRegular@c19950720</subfield><subfield code="h">495.182421 P558c 1993</subfield><subfield code="z">B/T 7-95</subfield></datafield><datafield ind1=" " ind2=" " tag="852"><subfield code="p">37741100005792</subfield><subfield code="a">Library</subfield><subfield code="x">COPYID:1682</subfield><subfield code="x">FSC@aRegular@c19950720</subfield><subfield code="h">495.182421 P558c 1993 Tape</subfield><subfield code="z">B/T 7-95</subfield></datafield></record>