
<record><leader>01016Qam a2200265 a 4500</leader><controlfield tag="008">760209m19389999mx bfh   b    000 0 eng  </controlfield><datafield ind1=" " ind2=" " tag="010"><subfield code="a">   39017561</subfield></datafield><datafield ind1=" " ind2=" " tag="035"><subfield code="a">(CU-UC)448586</subfield></datafield><datafield ind1=" " ind2=" " tag="040"><subfield code="a">DLC</subfield><subfield code="c">FUG</subfield><subfield code="d">OCoLC</subfield><subfield code="d">CU-SC</subfield></datafield><datafield ind1="1" ind2=" " tag="100"><subfield code="a">Bevan, Bernard.</subfield></datafield><datafield ind1="1" ind2="4" tag="245"><subfield code="a">The Chinantec :</subfield><subfield code="b">report on the central and south-eastern Chinantec region /</subfield><subfield code="c">by Bernard Bevan.</subfield></datafield><datafield ind1=" " ind2=" " tag="260"><subfield code="a">Mexico, D.F.,</subfield><subfield code="c">1938-</subfield></datafield><datafield ind1=" " ind2=" " tag="300"><subfield code="a">v. :</subfield><subfield code="b">plates, maps, facsims., tables. ;</subfield><subfield code="c">28cm.</subfield></datafield><datafield ind1="0" ind2=" " tag="490"><subfield code="a">Instituto Panamericano de Geograf&#237;a e de Historia ... Publicaci&#243;n no. 24</subfield></datafield><datafield ind1=" " ind2=" " tag="500"><subfield code="a">"Catalogue of Chinantec manuscripts and printed books": v. 1, p. [111]-128.</subfield></datafield><datafield ind1=" " ind2=" " tag="504"><subfield code="a">Bibliography: v. 1, p. 149-152.</subfield></datafield><datafield ind1=" " ind2=" " tag="546"><subfield code="a">English.</subfield></datafield><datafield ind1=" " ind2="0" tag="650"><subfield code="a">Chinantec Indians.</subfield></datafield><datafield ind1=" " ind2="0" tag="650"><subfield code="a">Chinantec language</subfield><subfield code="v">Texts.</subfield></datafield><datafield ind1=" " ind2="0" tag="650"><subfield code="a">Chinantec language</subfield><subfield code="v">Bibliography.</subfield></datafield><datafield ind1=" " ind2=" " tag="035"><subfield code="a">(TxDaGIAL)37741100016920</subfield></datafield><controlfield tag="005">20080624154808.0</controlfield><controlfield tag="001">1405</controlfield><controlfield tag="003">TxDaGIAL</controlfield><datafield ind1=" " ind2=" " tag="852"><subfield code="p">37741100016920</subfield><subfield code="a">Library</subfield><subfield code="x">COPYID:1690</subfield><subfield code="x">FSC@aRegular@c19970421</subfield><subfield code="h">972.004976 B571t 1938</subfield><subfield code="z">904</subfield></datafield></record>