
<record><leader>01024cam a22002651i 4500</leader><controlfield tag="008">690121s1968    dcu      b    00010 eng  </controlfield><datafield ind1=" " ind2=" " tag="010"><subfield code="a">   68066548</subfield></datafield><datafield ind1=" " ind2=" " tag="040"><subfield code="a">DLC</subfield><subfield code="c">DLC</subfield><subfield code="d">TxDaGIAL</subfield></datafield><datafield ind1="0" ind2=" " tag="050"><subfield code="a">PL1068.U5</subfield><subfield code="b">W7</subfield></datafield><datafield ind1=" " ind2=" " tag="082"><subfield code="a">495.1/07</subfield></datafield><datafield ind1="1" ind2="0" tag="100"><subfield code="a">Wrenn, James J.</subfield></datafield><datafield ind1="1" ind2="0" tag="245"><subfield code="a">Chinese language teaching in the United States :</subfield><subfield code="b">the state of the art /</subfield><subfield code="c">by James J. Wrenn.</subfield></datafield><datafield ind1="0" ind2=" " tag="260"><subfield code="a">Washington :</subfield><subfield code="b">Center for Applied Linguistics,</subfield><subfield code="c">[1968]</subfield></datafield><datafield ind1=" " ind2=" " tag="300"><subfield code="a">34 p. ;</subfield><subfield code="c">29 cm.</subfield></datafield><datafield ind1=" " ind2=" " tag="500"><subfield code="a">Cover title.</subfield></datafield><datafield ind1=" " ind2=" " tag="500"><subfield code="a">"Commissioned by the ERIC Clearinghouse for Linguistics in collaboration with ... the Center for Applied Linguistics."</subfield></datafield><datafield ind1=" " ind2=" " tag="504"><subfield code="a">Bibliography: p. 25-34.</subfield></datafield><datafield ind1=" " ind2="0" tag="650"><subfield code="a">Chinese language</subfield><subfield code="x">Study and teaching</subfield><subfield code="z">United States.</subfield></datafield><datafield ind1="2" ind2="0" tag="710"><subfield code="a">Center for Applied Linguistics.</subfield></datafield><datafield ind1="2" ind2="0" tag="710"><subfield code="a">ERIC Clearinghouse for Linguistics.</subfield></datafield><datafield ind1=" " ind2=" " tag="035"><subfield code="a">(TxDaGIAL)37741100008763</subfield></datafield><controlfield tag="005">20080624154809.0</controlfield><controlfield tag="001">1409</controlfield><controlfield tag="003">TxDaGIAL</controlfield><datafield ind1=" " ind2=" " tag="852"><subfield code="p">37741100008763</subfield><subfield code="a">Library</subfield><subfield code="x">COPYID:1694</subfield><subfield code="x">FSC@aRegular@c19951016</subfield><subfield code="h">495.107 W945c 1968</subfield><subfield code="z">6210</subfield></datafield></record>