
<record><leader>00937aam a2200253 i 4500</leader><controlfield tag="008">680301s1968    enka     b    00000 eng  </controlfield><datafield ind1=" " ind2=" " tag="010"><subfield code="a">   68077563</subfield></datafield><datafield ind1=" " ind2=" " tag="015"><subfield code="a">B68-00049</subfield></datafield><datafield ind1=" " ind2=" " tag="040"><subfield code="a">DLC</subfield><subfield code="c">DLC</subfield><subfield code="d">TxDaGIAL</subfield></datafield><datafield ind1="0" ind2=" " tag="050"><subfield code="a">PL1087</subfield><subfield code="b">.K7</subfield></datafield><datafield ind1=" " ind2=" " tag="082"><subfield code="a">495.1</subfield></datafield><datafield ind1="1" ind2="0" tag="100"><subfield code="a">Kratochv&#237;l, Paul.</subfield></datafield><datafield ind1="1" ind2="4" tag="245"><subfield code="a">The Chinese language today :</subfield><subfield code="b">features of an emerging standard /</subfield><subfield code="c">Paul Kratochv&#237;l.</subfield></datafield><datafield ind1="0" ind2=" " tag="260"><subfield code="a">London :</subfield><subfield code="b">Hutchinson,</subfield><subfield code="c">1968.</subfield></datafield><datafield ind1=" " ind2=" " tag="300"><subfield code="a">199 p. :</subfield><subfield code="b">plate, illus., map. ;</subfield><subfield code="c">22 cm.</subfield></datafield><datafield ind1="0" ind2=" " tag="490"><subfield code="a">Hutchinson university library: Modern languages and literature</subfield></datafield><datafield ind1=" " ind2=" " tag="504"><subfield code="a">Bibliography: p. [183]-188.</subfield></datafield><datafield ind1=" " ind2="0" tag="650"><subfield code="a">Chinese language.</subfield></datafield><datafield ind1=" " ind2=" " tag="035"><subfield code="a">(TxDaGIAL)37741100008758</subfield></datafield><controlfield tag="005">20080624154809.0</controlfield><controlfield tag="001">1410</controlfield><controlfield tag="003">TxDaGIAL</controlfield><datafield ind1=" " ind2=" " tag="852"><subfield code="p">37741100008758</subfield><subfield code="a">Library</subfield><subfield code="x">COPYID:1695</subfield><subfield code="x">FSC@aRegular@c19951016</subfield><subfield code="h">495.1 K89c 1968</subfield><subfield code="z">5622</subfield></datafield><datafield ind1=" " ind2=" " tag="852"><subfield code="p">37741100008759</subfield><subfield code="a">Library</subfield><subfield code="x">COPYID:1696</subfield><subfield code="x">FSC@aRegular@c19951016</subfield><subfield code="h">495.1 K89c 1968</subfield><subfield code="z">Gift Harwood Hess 1-93</subfield></datafield></record>