
<record><leader>01328cam a2200325 i 4500</leader><controlfield tag="008">800417r19801938nyu           00000 eng  </controlfield><datafield ind1=" " ind2=" " tag="010"><subfield code="a">   38037511</subfield></datafield><datafield ind1=" " ind2=" " tag="040"><subfield code="a">DLC</subfield><subfield code="c">TxDaGIAL</subfield><subfield code="d">TxDaGIAL</subfield></datafield><datafield ind1="1" ind2=" " tag="041"><subfield code="a">engapa</subfield></datafield><datafield ind1=" " ind2=" " tag="043"><subfield code="a">n-ust--</subfield></datafield><datafield ind1="0" ind2=" " tag="050"><subfield code="a">PM858.Z73</subfield><subfield code="b">H6</subfield></datafield><datafield ind1=" " ind2=" " tag="082"><subfield code="a">497/.2</subfield></datafield><datafield ind1="1" ind2="0" tag="100"><subfield code="a">Hoijer, Harry,</subfield><subfield code="d">1904-</subfield></datafield><datafield ind1="1" ind2="0" tag="245"><subfield code="a">Chiricahua and Mescalero Apache texts. /</subfield><subfield code="c">by Harry Hoijer ; with ethnological notes by Morris Edward Opler.</subfield></datafield><datafield ind1="0" ind2=" " tag="260"><subfield code="a">Chicago :</subfield><subfield code="b">University of Chicago Press,</subfield><subfield code="c">c1938.</subfield></datafield><datafield ind1=" " ind2=" " tag="300"><subfield code="a">viii, 219 p. ;</subfield><subfield code="c">28 cm.</subfield></datafield><datafield ind1=" " ind2="0" tag="440"><subfield code="a">University of Chicago publications in anthropology.</subfield><subfield code="p">Linguistic series</subfield></datafield><datafield ind1=" " ind2=" " tag="500"><subfield code="a">Includes original text with English translation.</subfield></datafield><datafield ind1=" " ind2="0" tag="650"><subfield code="a">Chiricahua language</subfield><subfield code="v">Texts.</subfield></datafield><datafield ind1=" " ind2="0" tag="650"><subfield code="a">Mescalero language</subfield><subfield code="v">Texts.</subfield></datafield><datafield ind1=" " ind2="0" tag="650"><subfield code="a">Apache Indians</subfield><subfield code="v">Legends.</subfield></datafield><datafield ind1=" " ind2="0" tag="650"><subfield code="a">Indians of North America</subfield><subfield code="z">Southwest, New</subfield><subfield code="v">Folklore.</subfield></datafield><datafield ind1=" " ind2="0" tag="650"><subfield code="a">Mescalero Indians</subfield><subfield code="v">Legends.</subfield></datafield><datafield ind1="2" ind2=" " tag="810"><subfield code="a">University of Chicago.</subfield><subfield code="t">University of Chicago publications in anthropology : Linguistic series.</subfield></datafield><datafield ind1=" " ind2=" " tag="035"><subfield code="a">(TxDaGIAL)37741100012604</subfield></datafield><controlfield tag="005">20080624154811.0</controlfield><controlfield tag="001">1420</controlfield><controlfield tag="003">TxDaGIAL</controlfield><datafield ind1=" " ind2=" " tag="852"><subfield code="p">37741100012604</subfield><subfield code="a">Library</subfield><subfield code="x">COPYID:1706</subfield><subfield code="x">FSC@aRegular@c19960718</subfield><subfield code="h">497.234 H719c 1938</subfield><subfield code="z">147</subfield></datafield><datafield ind1=" " ind2=" " tag="852"><subfield code="p">37741100012605</subfield><subfield code="a">Library</subfield><subfield code="x">COPYID:1707</subfield><subfield code="x">FSC@aRegular@c19960718</subfield><subfield code="h">497.234 H719c 1938</subfield><subfield code="z">148</subfield></datafield></record>