
<record><leader>01164cam a2200289 a 4500</leader><controlfield tag="008">851118s1986    ne       b    00110 eng  </controlfield><datafield ind1=" " ind2=" " tag="010"><subfield code="a">   85028276 //r89</subfield></datafield><datafield ind1=" " ind2=" " tag="020"><subfield code="a">9027720657 :</subfield><subfield code="c">$48.00 (U.S.)</subfield></datafield><datafield ind1=" " ind2=" " tag="020"><subfield code="a">9027721424 (pbk.) :</subfield><subfield code="c">$19.50 (U.S.)</subfield></datafield><datafield ind1=" " ind2=" " tag="040"><subfield code="a">DLC</subfield><subfield code="c">DLC</subfield></datafield><datafield ind1="0" ind2=" " tag="050"><subfield code="a">PM872</subfield><subfield code="b">.D38 1986</subfield></datafield><datafield ind1="0" ind2=" " tag="082"><subfield code="a">497/.5</subfield><subfield code="2">19</subfield></datafield><datafield ind1="1" ind2="0" tag="100"><subfield code="a">Davies, William D.,</subfield><subfield code="d">1954-</subfield></datafield><datafield ind1="1" ind2="0" tag="245"><subfield code="a">Choctaw verb agreement and universal grammar /</subfield><subfield code="c">William D. Davies.</subfield></datafield><datafield ind1="0" ind2=" " tag="260"><subfield code="a">Dordrecht ;</subfield><subfield code="a">Boston :</subfield><subfield code="b">D. Reidel Pub. Co. ;</subfield><subfield code="a">Hingham MA :</subfield><subfield code="b">Sold and distributed in the U.S.A. and Canada by Kluwer Academic Publishers,</subfield><subfield code="c">c1986.</subfield></datafield><datafield ind1=" " ind2=" " tag="300"><subfield code="a">xi, 202 p. ;</subfield><subfield code="c">25 cm.</subfield></datafield><datafield ind1=" " ind2="0" tag="440"><subfield code="a">Studies in natural language and linguistic theory ;</subfield><subfield code="v">[v. 2]</subfield></datafield><datafield ind1=" " ind2=" " tag="500"><subfield code="a">Revision of the author's thesis (Ph. D.--University of California, San Diego, 1981).</subfield></datafield><datafield ind1=" " ind2=" " tag="504"><subfield code="a">Bibliography: p. 192-196.</subfield></datafield><datafield ind1=" " ind2=" " tag="500"><subfield code="a">Includes index.</subfield></datafield><datafield ind1=" " ind2="0" tag="650"><subfield code="a">Choctaw language</subfield><subfield code="x">Verb.</subfield></datafield><datafield ind1=" " ind2="0" tag="650"><subfield code="a">Choctaw language</subfield><subfield code="x">Agreement.</subfield></datafield><datafield ind1=" " ind2=" " tag="035"><subfield code="a">(TxDaGIAL)37741100007113</subfield></datafield><controlfield tag="005">20080624154812.0</controlfield><controlfield tag="001">1422</controlfield><controlfield tag="003">TxDaGIAL</controlfield><datafield ind1=" " ind2=" " tag="852"><subfield code="p">37741100007113</subfield><subfield code="a">Library</subfield><subfield code="x">COPYID:1709</subfield><subfield code="x">FSC@aRegular@c19950822</subfield><subfield code="h">497.382 D257c 1986</subfield><subfield code="z">12430</subfield></datafield></record>