
<record><leader>01209nam a2200289Ii 4500</leader><controlfield tag="008">751017s1965    oku           00010 eng  </controlfield><datafield ind1=" " ind2=" " tag="010"><subfield code="a">   66063240</subfield></datafield><datafield ind1=" " ind2=" " tag="035"><subfield code="a">(CU-UC)2048737</subfield></datafield><datafield ind1=" " ind2=" " tag="040"><subfield code="a">DLC</subfield><subfield code="c">IRU</subfield><subfield code="d">IRU</subfield><subfield code="d">RQA</subfield></datafield><datafield ind1="0" ind2=" " tag="050"><subfield code="a">PM3649</subfield><subfield code="b">.W5</subfield></datafield><datafield ind1="1" ind2="0" tag="100"><subfield code="a">Whittaker, Arabelle.</subfield></datafield><datafield ind1="1" ind2="0" tag="245"><subfield code="a">Chol texts on the supernatural /</subfield><subfield code="c">[by] Arabelle Whittaker and Viola Warkentin.</subfield></datafield><datafield ind1=" " ind2=" " tag="250"><subfield code="a">[1st ed.].</subfield></datafield><datafield ind1="0" ind2=" " tag="260"><subfield code="a">Norman :</subfield><subfield code="b">Summer Institute of Linguistics of the University of Oklahoma,</subfield><subfield code="c">[1965]</subfield></datafield><datafield ind1=" " ind2=" " tag="300"><subfield code="a">171 p. ;</subfield><subfield code="c">21 cm.</subfield></datafield><datafield ind1=" " ind2="0" tag="440"><subfield code="a">Summer Institute of Linguistics publications in linguistics and related fields ;</subfield><subfield code="v">publication no. 13.</subfield></datafield><datafield ind1=" " ind2=" " tag="500"><subfield code="a">Texts collected during field work, from 1948-1952.</subfield></datafield><datafield ind1=" " ind2=" " tag="546"><subfield code="a">English.</subfield></datafield><datafield ind1=" " ind2="0" tag="650"><subfield code="a">Chol language</subfield><subfield code="v">Texts.</subfield></datafield><datafield ind1="1" ind2="0" tag="700"><subfield code="a">Warkentin, Viola,</subfield><subfield code="e">joint author.</subfield></datafield><datafield ind1=" " ind2=" " tag="035"><subfield code="a">(TxDaGIAL)37741100016378</subfield></datafield><controlfield tag="005">20080624154812.0</controlfield><controlfield tag="001">1424</controlfield><controlfield tag="003">TxDaGIAL</controlfield><datafield ind1=" " ind2=" " tag="852"><subfield code="p">37741100016378</subfield><subfield code="a">Library</subfield><subfield code="x">COPYID:1711</subfield><subfield code="x">FSC@aRegular@c19970331</subfield><subfield code="h">497.41514 W625c 1965</subfield><subfield code="z">824</subfield></datafield><datafield ind1=" " ind2=" " tag="852"><subfield code="p">37741100016379</subfield><subfield code="a">Library</subfield><subfield code="x">COPYID:1712</subfield><subfield code="x">FSC@aRegular@c19970331</subfield><subfield code="h">497.41514 W625c 1965</subfield><subfield code="z">1427</subfield></datafield><datafield ind1=" " ind2=" " tag="852"><subfield code="p">37741100016380</subfield><subfield code="a">Library</subfield><subfield code="x">COPYID:1713</subfield><subfield code="x">FSC@aRegular@c19970331</subfield><subfield code="h">497.41514 W625c 1965</subfield><subfield code="z">2626</subfield></datafield></record>