
<record><leader>00814nam a2200229 a 4500</leader><controlfield tag="008">970327s1974    txu           000 0 eng d</controlfield><datafield ind1=" " ind2=" " tag="040"><subfield code="a">TxDaGIAL</subfield><subfield code="c">TxDaGIAL</subfield></datafield><datafield ind1="1" ind2=" " tag="100"><subfield code="a">Todd, Terry Lynn.</subfield></datafield><datafield ind1="1" ind2="0" tag="245"><subfield code="a">Clause versus sentence in Choctaw /</subfield><subfield code="c">by Terry Lynn Todd.</subfield></datafield><datafield ind1=" " ind2=" " tag="260"><subfield code="c">1974.</subfield></datafield><datafield ind1=" " ind2=" " tag="300"><subfield code="a">v, 40 leaves ;</subfield><subfield code="c">29 cm.</subfield></datafield><datafield ind1=" " ind2=" " tag="500"><subfield code="a">Vita.</subfield></datafield><datafield ind1=" " ind2=" " tag="502"><subfield code="a">Thesis (M.A.)--University of Texas at Arlington, 1974.</subfield></datafield><datafield ind1=" " ind2=" " tag="504"><subfield code="a">Bibliography : leaves 38-39.</subfield></datafield><datafield ind1=" " ind2="0" tag="650"><subfield code="a">Choctaw language</subfield><subfield code="x">Clause.</subfield></datafield><datafield ind1=" " ind2="0" tag="650"><subfield code="a">Choctaw language</subfield><subfield code="x">Sentence.</subfield></datafield><datafield ind1="2" ind2="0" tag="610"><subfield code="a">University of Texas at Arlington.</subfield><subfield code="b">Graduate School</subfield><subfield code="x">Dissertations.</subfield></datafield><datafield ind1=" " ind2=" " tag="035"><subfield code="a">(TxDaGIAL)37741100016310</subfield></datafield><controlfield tag="005">20080624154831.0</controlfield><controlfield tag="001">1497</controlfield><controlfield tag="003">TxDaGIAL</controlfield><datafield ind1=" " ind2=" " tag="852"><subfield code="p">37741100016310</subfield><subfield code="a">Library</subfield><subfield code="9">$0.00</subfield><subfield code="x">COPYID:1790</subfield><subfield code="x">FSC@aRegular@c19970324</subfield><subfield code="h">497.382 T636c 1974</subfield><subfield code="z">author gift</subfield></datafield></record>