
<record><leader>00758cam a2200217 a 4500</leader><controlfield tag="008">840605s1979    inu      b    00010 eng d</controlfield><datafield ind1=" " ind2=" " tag="035"><subfield code="a">(CU-UC)dlaisn812747</subfield></datafield><datafield ind1="1" ind2="0" tag="100"><subfield code="a">Luj&#225;n, Marta.</subfield></datafield><datafield ind1="1" ind2="0" tag="245"><subfield code="a">Clitic promotion and mood in Spanish verbal complements /</subfield><subfield code="c">Marta Luj&#225;n.</subfield></datafield><datafield ind1="0" ind2=" " tag="260"><subfield code="a">Bloomington, Ind. :</subfield><subfield code="b">Reproduced by the Indiana University Linguistics Club,</subfield><subfield code="c">1979.</subfield></datafield><datafield ind1=" " ind2=" " tag="300"><subfield code="a">112 p. ;</subfield><subfield code="c">28 cm.</subfield></datafield><datafield ind1=" " ind2=" " tag="504"><subfield code="a">Bibliography: p. 109-112.</subfield></datafield><datafield ind1=" " ind2=" " tag="546"><subfield code="a">English.</subfield></datafield><datafield ind1=" " ind2="0" tag="650"><subfield code="a">Spanish language</subfield><subfield code="x">Clitics.</subfield></datafield><datafield ind1=" " ind2="0" tag="650"><subfield code="a">Spanish language</subfield><subfield code="x">Mood.</subfield></datafield><datafield ind1=" " ind2="0" tag="650"><subfield code="a">Spanish language</subfield><subfield code="x">Verb.</subfield></datafield><datafield ind1=" " ind2=" " tag="035"><subfield code="a">(TxDaGIAL)37741100014267</subfield></datafield><controlfield tag="005">20080624154832.0</controlfield><controlfield tag="001">1503</controlfield><controlfield tag="003">TxDaGIAL</controlfield><datafield ind1=" " ind2=" " tag="852"><subfield code="p">37741100014267</subfield><subfield code="a">Library</subfield><subfield code="x">COPYID:1796</subfield><subfield code="x">FSC@aRegular@c19961217</subfield><subfield code="h">465 L953c 1979</subfield></datafield></record>