
<record><leader>00744nam a22001937a 4500</leader><controlfield tag="008">891215s1989||||inu|||| ||||||0|||||eng| </controlfield><datafield ind1=" " ind2=" " tag="010"><subfield code="a">   89216872</subfield></datafield><datafield ind1=" " ind2=" " tag="040"><subfield code="a">DLC</subfield><subfield code="c">DLC</subfield><subfield code="d">TxDaGIAL</subfield></datafield><datafield ind1="0" ind2="0" tag="050"><subfield code="a">MLCM 92/10671 (P)</subfield></datafield><datafield ind1="1" ind2="0" tag="100"><subfield code="a">Huang, Chu-Ren.</subfield></datafield><datafield ind1="1" ind2="0" tag="245"><subfield code="a">Cliticization and type-lifting :</subfield><subfield code="b">a unified account of Mandarin NP de /</subfield><subfield code="c">by Chu-Ren Huang.</subfield></datafield><datafield ind1="0" ind2=" " tag="260"><subfield code="a">Bloomington, Ind. (720 E. Atwater Ave., Bloomington 47405) :</subfield><subfield code="b">Indiana University Linguistics Club,</subfield><subfield code="c">c1989.</subfield></datafield><datafield ind1=" " ind2=" " tag="300"><subfield code="a">viii, 138 p. ;</subfield><subfield code="c">28 cm.</subfield></datafield><datafield ind1=" " ind2="0" tag="650"><subfield code="a">Chinese language</subfield><subfield code="x">Syntax.</subfield></datafield><datafield ind1=" " ind2=" " tag="035"><subfield code="a">(TxDaGIAL)37741100012538</subfield></datafield><controlfield tag="005">20080624154832.0</controlfield><controlfield tag="001">1504</controlfield><controlfield tag="003">TxDaGIAL</controlfield><datafield ind1=" " ind2=" " tag="852"><subfield code="p">37741100012538</subfield><subfield code="a">Library</subfield><subfield code="9">$10.55</subfield><subfield code="x">COPYID:1797</subfield><subfield code="x">FSC@aRegular@c19960717</subfield><subfield code="h">495.11 H991c 1989</subfield><subfield code="z">Direct 9-89</subfield></datafield></record>