
<record><leader>00819nam a22002175  4500</leader><controlfield tag="008">950506s1993    nyu           0 0 0 mul d</controlfield><datafield ind1=" " ind2=" " tag="020"><subfield code="a">0004334051 (pbk.) :</subfield><subfield code="c">$12.00</subfield></datafield><datafield ind1=" " ind2=" " tag="040"><subfield code="c">TxDaGIAL</subfield><subfield code="d">TxDaGIAL</subfield></datafield><datafield ind1="1" ind2=" " tag="041"><subfield code="a">engjap</subfield></datafield><datafield ind1="0" ind2="0" tag="245"><subfield code="a">Collins Shubun English Japanese dictionary=</subfield><subfield code="b">Ko rin zu shu buh Ei-Wa jiten.</subfield></datafield><datafield ind1=" " ind2=" " tag="260"><subfield code="a">[New York, N.Y.] :</subfield><subfield code="b">HarperCollins Publishers :</subfield><subfield code="b">Shubun International,</subfield><subfield code="c">c1993.</subfield></datafield><datafield ind1=" " ind2=" " tag="300"><subfield code="a">635 p. ;</subfield><subfield code="c">16 cm.</subfield></datafield><datafield ind1=" " ind2=" " tag="500"><subfield code="a">On spine: Collins Shubun Japanese.</subfield></datafield><datafield ind1=" " ind2="0" tag="650"><subfield code="a">English language</subfield><subfield code="v">Dictionaries</subfield><subfield code="x">Japanese.</subfield></datafield><datafield ind1="0" ind2="1" tag="740"><subfield code="a">Ko rin zu shu bun Ei-Wa jiten.</subfield></datafield><datafield ind1="0" ind2="1" tag="740"><subfield code="a">Collins Shubun Japanese.</subfield></datafield><datafield ind1=" " ind2=" " tag="035"><subfield code="a">(TxDaGIAL)37741100004764</subfield></datafield><controlfield tag="005">20080624154852.0</controlfield><controlfield tag="001">1558</controlfield><controlfield tag="003">TxDaGIAL</controlfield><datafield ind1=" " ind2=" " tag="852"><subfield code="p">37741100004764</subfield><subfield code="a">Library</subfield><subfield code="9">$10.44</subfield><subfield code="x">COPYID:1856</subfield><subfield code="x">FSC@aRegular@c19950606</subfield><subfield code="h">423.956 C712 1993</subfield><subfield code="z">B/T 5-95</subfield></datafield></record>