
<record><leader>00688nam a2200193 i 4500</leader><controlfield tag="008">810321s1960    ukk      d    000 0 mul d</controlfield><datafield ind1=" " ind2=" " tag="020"><subfield code="a">0004334027</subfield></datafield><datafield ind1="0" ind2="0" tag="245"><subfield code="a">Collins-Spurrell Welsh dictionary /</subfield><subfield code="c">re-edited by Henry Lewis.</subfield></datafield><datafield ind1=" " ind2=" " tag="260"><subfield code="a">London :</subfield><subfield code="b">Collins,</subfield><subfield code="c">c1960.</subfield></datafield><datafield ind1=" " ind2=" " tag="300"><subfield code="a">317 p. ;</subfield><subfield code="c">17 cm.</subfield></datafield><datafield ind1=" " ind2="0" tag="650"><subfield code="a">Welsh language</subfield><subfield code="v">Dictionaries</subfield><subfield code="x">English.</subfield></datafield><datafield ind1=" " ind2="0" tag="650"><subfield code="a">English language</subfield><subfield code="v">Dictionaries</subfield><subfield code="x">Welsh.</subfield></datafield><datafield ind1="1" ind2=" " tag="700"><subfield code="a">Lewis, Henry,</subfield><subfield code="d">b. 1889.</subfield></datafield><datafield ind1="0" ind2="1" tag="740"><subfield code="a">Spurrell's English-Welsh and Welsh-English dictionary.</subfield></datafield><datafield ind1=" " ind2=" " tag="035"><subfield code="a">(TxDaGIAL)37741100021320</subfield></datafield><controlfield tag="005">20080624154852.0</controlfield><controlfield tag="001">1559</controlfield><controlfield tag="003">TxDaGIAL</controlfield><datafield ind1=" " ind2=" " tag="852"><subfield code="p">37741100021320</subfield><subfield code="a">Library</subfield><subfield code="x">COPYID:1857</subfield><subfield code="x">FSC@aRegular@c19971027</subfield><subfield code="h">491.66321 C713 1960</subfield></datafield></record>