
<record><leader>00870cam a2200253 a 4500</leader><controlfield tag="008">950413s1995    enka          001 0 eng  </controlfield><datafield ind1=" " ind2=" " tag="010"><subfield code="a">   94014337</subfield></datafield><datafield ind1=" " ind2=" " tag="020"><subfield code="a">0415100062 (pbk.) :</subfield><subfield code="c">$18.95</subfield></datafield><datafield ind1=" " ind2=" " tag="040"><subfield code="a">DLC</subfield><subfield code="c">DLC</subfield></datafield><datafield ind1="0" ind2="0" tag="050"><subfield code="a">PL4325</subfield><subfield code="b">.C65 1995</subfield></datafield><datafield ind1="0" ind2="0" tag="082"><subfield code="a">495.9/3283421</subfield><subfield code="2">20</subfield></datafield><datafield ind1="1" ind2=" " tag="100"><subfield code="a">Smyth, David,</subfield><subfield code="d">1954-</subfield></datafield><datafield ind1="1" ind2="0" tag="245"><subfield code="a">Colloquial Cambodian :</subfield><subfield code="b">a complete language course /</subfield><subfield code="c">David Smyth.</subfield></datafield><datafield ind1=" " ind2=" " tag="260"><subfield code="a">London ;</subfield><subfield code="a">New York :</subfield><subfield code="b">Routledge,</subfield><subfield code="c">1995.</subfield></datafield><datafield ind1=" " ind2=" " tag="300"><subfield code="a">241 p. :</subfield><subfield code="b">ill. ;</subfield><subfield code="c">22 cm.</subfield></datafield><datafield ind1=" " ind2="0" tag="440"><subfield code="a">Colloquial series</subfield></datafield><datafield ind1=" " ind2=" " tag="500"><subfield code="a">Includes index.</subfield></datafield><datafield ind1=" " ind2="0" tag="650"><subfield code="a">Khmer language</subfield><subfield code="x">Spoken Khmer.</subfield></datafield><datafield ind1=" " ind2="0" tag="650"><subfield code="a">Khmer language</subfield><subfield code="v">Conversation and phrase books.</subfield></datafield><datafield ind1=" " ind2=" " tag="035"><subfield code="a">(TxDaGIAL)37741100010393</subfield></datafield><controlfield tag="005">20080624154852.0</controlfield><controlfield tag="001">1561</controlfield><controlfield tag="003">TxDaGIAL</controlfield><datafield ind1=" " ind2=" " tag="852"><subfield code="p">37741100010393</subfield><subfield code="a">Library</subfield><subfield code="9">$16.49</subfield><subfield code="x">FUND:Ling</subfield><subfield code="x">COPYID:1859</subfield><subfield code="x">FSC@aRegular@c19960326</subfield><subfield code="h">495.932 S668c 1995</subfield><subfield code="z">B/T 2-96</subfield></datafield></record>