
<record><leader>00848nam a2200229Ia 4500</leader><controlfield tag="008">820205s1944    enk           000 0 eng d</controlfield><datafield ind1=" " ind2=" " tag="010"><subfield code="a">   44037789</subfield></datafield><datafield ind1=" " ind2=" " tag="035"><subfield code="a">(CU-UC)dlaisn3018663</subfield></datafield><datafield ind1=" " ind2=" " tag="040"><subfield code="a">OSO</subfield><subfield code="c">OSO</subfield><subfield code="d">OUN</subfield><subfield code="d">CLU</subfield></datafield><datafield ind1="0" ind2=" " tag="041"><subfield code="a">enghin</subfield></datafield><datafield ind1=" " ind2=" " tag="050"><subfield code="a">PK1975</subfield><subfield code="b">.H3</subfield></datafield><datafield ind1="1" ind2=" " tag="100"><subfield code="a">Harley, A. H.</subfield></datafield><datafield ind1="1" ind2="0" tag="245"><subfield code="a">Colloquial Hindustani /</subfield><subfield code="c">by A.H. Harley ; with an introduction by J.R. Firth.</subfield></datafield><datafield ind1=" " ind2=" " tag="260"><subfield code="a">London :</subfield><subfield code="b">Routledge &amp; Kegan Paul ;</subfield><subfield code="a">New York, N.Y. :</subfield><subfield code="b">published and distributed in the United States of America by Dover,</subfield><subfield code="c">1944.</subfield></datafield><datafield ind1=" " ind2=" " tag="300"><subfield code="a">xxx, 147 p. ;</subfield><subfield code="c">19 cm.</subfield></datafield><datafield ind1=" " ind2=" " tag="546"><subfield code="a">English.</subfield></datafield><datafield ind1=" " ind2="0" tag="650"><subfield code="a">Hindustani language</subfield><subfield code="x">Study and teaching</subfield><subfield code="x">English students.</subfield></datafield><datafield ind1=" " ind2=" " tag="035"><subfield code="a">(TxDaGIAL)37741100014520</subfield></datafield><controlfield tag="005">20080624154853.0</controlfield><controlfield tag="001">1563</controlfield><controlfield tag="003">TxDaGIAL</controlfield><datafield ind1=" " ind2=" " tag="852"><subfield code="p">37741100014520</subfield><subfield code="a">Library</subfield><subfield code="x">COPYID:1861</subfield><subfield code="x">FSC@aRegular@c19970121</subfield><subfield code="h">491.438 H285c 1944</subfield><subfield code="z">5437</subfield></datafield></record>