
<record><leader>00962nam a2200277 a 4500</leader><controlfield tag="008">931115s1994    enk           001 0 eng  </controlfield><datafield ind1=" " ind2=" " tag="010"><subfield code="a">   93044403</subfield></datafield><datafield ind1=" " ind2=" " tag="020"><subfield code="a">0415092000 (cass.)</subfield></datafield><datafield ind1=" " ind2=" " tag="020"><subfield code="a">0415091993 (pbk.)</subfield></datafield><datafield ind1=" " ind2=" " tag="040"><subfield code="a">DLC</subfield><subfield code="c">DLC</subfield><subfield code="d">TxDaGIAL</subfield></datafield><datafield ind1="0" ind2="0" tag="050"><subfield code="a">PL5075</subfield><subfield code="b">.A88 1994</subfield></datafield><datafield ind1="0" ind2="0" tag="082"><subfield code="a">499/.22183421</subfield><subfield code="2">20</subfield></datafield><datafield ind1="1" ind2=" " tag="100"><subfield code="a">Atmosumarto, Sutanto,</subfield><subfield code="d">1936-</subfield></datafield><datafield ind1="1" ind2="0" tag="245"><subfield code="a">Colloquial Indonesian /</subfield><subfield code="c">Sutanto Atmosumarto.</subfield></datafield><datafield ind1=" " ind2=" " tag="260"><subfield code="a">London ;</subfield><subfield code="a">New York :</subfield><subfield code="b">Routledge,</subfield><subfield code="c">1994.</subfield></datafield><datafield ind1=" " ind2=" " tag="300"><subfield code="a">vi, 328 p. ;</subfield><subfield code="c">22 cm.</subfield></datafield><datafield ind1=" " ind2="0" tag="440"><subfield code="a">Colloquial series</subfield></datafield><datafield ind1=" " ind2=" " tag="500"><subfield code="a">Includes index.</subfield></datafield><datafield ind1=" " ind2="0" tag="650"><subfield code="a">Indonesian language</subfield><subfield code="v">Conversation and phrase books</subfield><subfield code="x">English.</subfield></datafield><datafield ind1=" " ind2="0" tag="650"><subfield code="a">Indonesian language</subfield><subfield code="x">Spoken Indonesian.</subfield></datafield><datafield ind1=" " ind2="0" tag="650"><subfield code="a">Indonesian language</subfield><subfield code="x">Grammar.</subfield></datafield><datafield ind1=" " ind2=" " tag="035"><subfield code="a">(TxDaGIAL)37741100010400</subfield></datafield><controlfield tag="005">20080624154853.0</controlfield><controlfield tag="001">1564</controlfield><controlfield tag="003">TxDaGIAL</controlfield><datafield ind1=" " ind2=" " tag="852"><subfield code="p">37741100010400</subfield><subfield code="a">Library</subfield><subfield code="9">$14.75</subfield><subfield code="x">FUND:Ling</subfield><subfield code="x">COPYID:1862</subfield><subfield code="x">FSC@aRegular@c19960326</subfield><subfield code="h">499.221834 A881c 1994</subfield><subfield code="z">B/T 12-95</subfield></datafield></record>