
<record><leader>00938cam a2200265 a 4500</leader><controlfield tag="008">950214s1995    nyum          000 0 eng  </controlfield><datafield ind1=" " ind2=" " tag="010"><subfield code="a">   95005663</subfield></datafield><datafield ind1=" " ind2=" " tag="020"><subfield code="a">0415110122 (book)</subfield></datafield><datafield ind1=" " ind2=" " tag="040"><subfield code="a">DLC</subfield><subfield code="c">DLC</subfield><subfield code="d">DLC</subfield><subfield code="d">TxDaGIAL</subfield></datafield><datafield ind1="0" ind2=" " tag="041"><subfield code="a">engmal</subfield></datafield><datafield ind1="0" ind2="0" tag="050"><subfield code="a">PL5108</subfield><subfield code="b">.O85 1995</subfield></datafield><datafield ind1="0" ind2="0" tag="082"><subfield code="a">499/.2883421</subfield><subfield code="2">20</subfield></datafield><datafield ind1="0" ind2=" " tag="100"><subfield code="a">Zaharah Othman.</subfield></datafield><datafield ind1="1" ind2="0" tag="245"><subfield code="a">Colloquial Malay :</subfield><subfield code="b">a complete language course /</subfield><subfield code="c">Zaharah Othman and Sutanto Atmosumarto.</subfield></datafield><datafield ind1=" " ind2=" " tag="260"><subfield code="a">London ;</subfield><subfield code="a">New York :</subfield><subfield code="b">Routledge,</subfield><subfield code="c">1995.</subfield></datafield><datafield ind1=" " ind2=" " tag="300"><subfield code="a">vi, 298 p. ;</subfield><subfield code="c">22 cm.</subfield></datafield><datafield ind1="0" ind2=" " tag="490"><subfield code="a">The colloquial series</subfield></datafield><datafield ind1=" " ind2="0" tag="650"><subfield code="a">Malay language</subfield><subfield code="v">Conversation and phrase books</subfield><subfield code="x">English.</subfield></datafield><datafield ind1=" " ind2="0" tag="650"><subfield code="a">Malay language</subfield><subfield code="x">Spoken Malay.</subfield></datafield><datafield ind1="1" ind2=" " tag="700"><subfield code="a">Atmosumarto, Sutanto,</subfield><subfield code="d">1936-</subfield></datafield><datafield ind1=" " ind2=" " tag="035"><subfield code="a">(TxDaGIAL)37741100021134</subfield></datafield><controlfield tag="005">20080624154853.0</controlfield><controlfield tag="001">1565</controlfield><controlfield tag="003">TxDaGIAL</controlfield><datafield ind1=" " ind2=" " tag="852"><subfield code="p">37741100021134</subfield><subfield code="a">Library</subfield><subfield code="9">$16.49</subfield><subfield code="x">FUND:Ling</subfield><subfield code="x">COPYID:1863</subfield><subfield code="x">FSC@aRegular@c19971017</subfield><subfield code="h">499.2883 O87c 1995</subfield><subfield code="z">B/T 10-97</subfield></datafield></record>