
<record><leader>00741nam a2200181 a 4500</leader><controlfield tag="008">971027s1919    enk           000 0 eng d</controlfield><datafield ind1=" " ind2=" " tag="040"><subfield code="a">TxDaGIAL</subfield><subfield code="c">TxDaGIAL</subfield></datafield><datafield ind1="0" ind2="4" tag="082"><subfield code="a">491.48</subfield><subfield code="2">21</subfield></datafield><datafield ind1="1" ind2=" " tag="100"><subfield code="a">Perera, Henry Samuel.</subfield></datafield><datafield ind1="1" ind2="2" tag="245"><subfield code="a">A colloquial Sinhalese reader :</subfield><subfield code="b">in phonetic transcription; (with an introduction on the phonetics of Sinhalese) /</subfield><subfield code="c">by H. S. Perera and Daniel Jones.</subfield></datafield><datafield ind1=" " ind2=" " tag="260"><subfield code="a">Manchester :</subfield><subfield code="b">University Press ;</subfield><subfield code="a">London :</subfield><subfield code="b">Longmans, Green and Co.,</subfield><subfield code="c">1919.</subfield></datafield><datafield ind1=" " ind2=" " tag="300"><subfield code="a">vii, 39, 16 p. ;</subfield><subfield code="c">19 cm.</subfield></datafield><datafield ind1=" " ind2="0" tag="650"><subfield code="a">Sinhalese language.</subfield></datafield><datafield ind1=" " ind2=" " tag="035"><subfield code="a">(TxDaGIAL)37741100021430</subfield></datafield><controlfield tag="005">20080624154853.0</controlfield><controlfield tag="001">1566</controlfield><controlfield tag="003">TxDaGIAL</controlfield><datafield ind1=" " ind2=" " tag="852"><subfield code="p">37741100021430</subfield><subfield code="a">Library</subfield><subfield code="x">COPYID:1864</subfield><subfield code="x">FSC@aRegular@c19971028</subfield><subfield code="h">491.48 P437c 1919</subfield><subfield code="z">D.N. Larson gift 1-90</subfield></datafield></record>