
<record><leader>00944cam a2200277 a 4500</leader><controlfield tag="008">950906s1994    nyua          001 0 eng  </controlfield><datafield ind1=" " ind2=" " tag="010"><subfield code="a">   93038897 //r95</subfield></datafield><datafield ind1=" " ind2=" " tag="020"><subfield code="a">0415092027 (pbk.) :</subfield><subfield code="c">$18.95</subfield></datafield><datafield ind1=" " ind2=" " tag="040"><subfield code="a">DLC</subfield><subfield code="c">DLC</subfield><subfield code="d">DLC</subfield><subfield code="d">TxDaGIAL</subfield></datafield><datafield ind1="0" ind2=" " tag="041"><subfield code="a">engukr</subfield></datafield><datafield ind1="0" ind2="0" tag="050"><subfield code="a">PG3823</subfield><subfield code="b">.P74 1994</subfield></datafield><datafield ind1="0" ind2="0" tag="082"><subfield code="a">491.7/982421</subfield><subfield code="2">20</subfield></datafield><datafield ind1="1" ind2=" " tag="100"><subfield code="a">Press, Ian,</subfield><subfield code="d">1947-</subfield><subfield code="q">(J. Ian)</subfield></datafield><datafield ind1="1" ind2="0" tag="245"><subfield code="a">Colloquial Ukrainian /</subfield><subfield code="c">Ian Press and Stefan Pugh.</subfield></datafield><datafield ind1=" " ind2=" " tag="260"><subfield code="a">London ;</subfield><subfield code="a">New York :</subfield><subfield code="b">Routledge,</subfield><subfield code="c">1994.</subfield></datafield><datafield ind1=" " ind2=" " tag="300"><subfield code="a">vii, 373 p. :</subfield><subfield code="b">ill., maps ;</subfield><subfield code="c">22 cm.</subfield></datafield><datafield ind1=" " ind2="0" tag="440"><subfield code="a">Colloquial series</subfield></datafield><datafield ind1=" " ind2=" " tag="500"><subfield code="a">Subtitle on cover: A complete language course.</subfield></datafield><datafield ind1=" " ind2=" " tag="500"><subfield code="a">Includes index.</subfield></datafield><datafield ind1=" " ind2="0" tag="650"><subfield code="a">Ukrainian language</subfield><subfield code="x">Grammar.</subfield></datafield><datafield ind1="1" ind2="0" tag="700"><subfield code="a">Pugh, Stefan.</subfield></datafield><datafield ind1=" " ind2=" " tag="035"><subfield code="a">(TxDaGIAL)37741100010350</subfield></datafield><controlfield tag="005">20080624154854.0</controlfield><controlfield tag="001">1567</controlfield><controlfield tag="003">TxDaGIAL</controlfield><datafield ind1=" " ind2=" " tag="852"><subfield code="p">37741100010350</subfield><subfield code="a">Library</subfield><subfield code="9">$16.49</subfield><subfield code="x">FUND:Ling</subfield><subfield code="x">COPYID:1865</subfield><subfield code="x">FSC@aRegular@c19960326</subfield><subfield code="h">491.79 P935c 1994</subfield><subfield code="z">B/T 2-96</subfield></datafield></record>