
<record><leader>01313nam a2200277 a 4500</leader><controlfield tag="008">890518s1989    txua     b   s00110 eng  </controlfield><datafield ind1=" " ind2=" " tag="010"><subfield code="a">   89061798</subfield></datafield><datafield ind1=" " ind2=" " tag="020"><subfield code="a">0883121042</subfield></datafield><datafield ind1=" " ind2=" " tag="040"><subfield code="a">DLC</subfield><subfield code="c">DLC</subfield><subfield code="d">DLC</subfield><subfield code="d">TxDaGIAL</subfield></datafield><datafield ind1="0" ind2="0" tag="050"><subfield code="a">PM3630</subfield><subfield code="b">.A75 1989</subfield></datafield><datafield ind1="0" ind2="0" tag="082"><subfield code="a">497/.6</subfield><subfield code="2">20</subfield></datafield><datafield ind1="1" ind2="0" tag="100"><subfield code="a">Anderson, Judi Lynn.</subfield></datafield><datafield ind1="1" ind2="0" tag="245"><subfield code="a">Comaltepec Chinantec syntax /</subfield><subfield code="c">Judi Lynn Anderson.</subfield></datafield><datafield ind1="0" ind2=" " tag="260"><subfield code="a">Dallas, TX :</subfield><subfield code="b">Summer Institute of Linguistics ;</subfield><subfield code="a">[Arlington, Tex.] :</subfield><subfield code="b">University of Texas at Arlington,</subfield><subfield code="c">1989.</subfield></datafield><datafield ind1=" " ind2=" " tag="300"><subfield code="a">xiv, 119 p. :</subfield><subfield code="b">ill. ;</subfield><subfield code="c">23 cm.</subfield></datafield><datafield ind1=" " ind2="0" tag="440"><subfield code="a">Summer Institute of Linguistics and the University of Texas at Arlington publications in linguistics,</subfield><subfield code="x">1040-0850 ;</subfield><subfield code="v">89</subfield></datafield><datafield ind1=" " ind2="0" tag="440"><subfield code="a">Studies in Chinantec languages ;</subfield><subfield code="v">3</subfield></datafield><datafield ind1=" " ind2=" " tag="504"><subfield code="a">Includes bibliographical references (p. xi-xiv) and index.</subfield></datafield><datafield ind1=" " ind2="0" tag="650"><subfield code="a">Chinantec language</subfield><subfield code="x">Syntax.</subfield></datafield><datafield ind1=" " ind2=" " tag="035"><subfield code="a">(TxDaGIAL)37741100007139</subfield></datafield><controlfield tag="005">20080624154856.0</controlfield><controlfield tag="001">1579</controlfield><controlfield tag="003">TxDaGIAL</controlfield><datafield ind1=" " ind2=" " tag="852"><subfield code="p">37741100007139</subfield><subfield code="a">Library</subfield><subfield code="9">$9.00</subfield><subfield code="x">COPYID:1879</subfield><subfield code="x">FSC@aRegular@c19950823</subfield><subfield code="h">497.61 S933 vol.3 1989</subfield><subfield code="z">Standing order 2-90</subfield></datafield><datafield ind1=" " ind2=" " tag="852"><subfield code="p">37741100007140</subfield><subfield code="a">Library</subfield><subfield code="9">$9.00</subfield><subfield code="x">COPYID:1880</subfield><subfield code="x">FSC@aRegular@c19950823</subfield><subfield code="h">497.61 S933 vol.3 1989</subfield><subfield code="z">Standing order 2-90</subfield></datafield><datafield ind1=" " ind2=" " tag="852"><subfield code="p">37741100007141</subfield><subfield code="a">Library</subfield><subfield code="9">$9.00</subfield><subfield code="x">COPYID:1881</subfield><subfield code="x">FSC@aRegular@c19950823</subfield><subfield code="h">497.61 S933 vol.3 1989</subfield><subfield code="z">Standing order 2-90</subfield></datafield></record>