
<record><leader>01454nam a2200313 a 4500</leader><controlfield tag="008">890825s1990    txua     bd  s00010 eng  </controlfield><datafield ind1=" " ind2=" " tag="010"><subfield code="a">   89063029</subfield></datafield><datafield ind1=" " ind2=" " tag="020"><subfield code="a">0883127156</subfield></datafield><datafield ind1=" " ind2=" " tag="040"><subfield code="a">DLC</subfield><subfield code="c">DLC</subfield><subfield code="d">DLC</subfield></datafield><datafield ind1="0" ind2=" " tag="041"><subfield code="a">eng</subfield><subfield code="h">cai</subfield></datafield><datafield ind1="0" ind2="0" tag="050"><subfield code="a">PM921.Z5</subfield><subfield code="b">R6 1990</subfield></datafield><datafield ind1="0" ind2="0" tag="082"><subfield code="a">497/.45</subfield><subfield code="2">20</subfield></datafield><datafield ind1="1" ind2="0" tag="100"><subfield code="a">Robinson, Lila Wistrand,</subfield><subfield code="d">1931-</subfield></datafield><datafield ind1="1" ind2="0" tag="245"><subfield code="a">Comanche dictionary and grammar /</subfield><subfield code="c">Lila Wistrand Robinson and James Armagost.</subfield></datafield><datafield ind1="0" ind2=" " tag="260"><subfield code="a">Dallas, TX :</subfield><subfield code="b">Summer Institute of Linguistics ;</subfield><subfield code="a">[Arlington] :</subfield><subfield code="b">University of Texas at Arlington,</subfield><subfield code="c">1990.</subfield></datafield><datafield ind1=" " ind2=" " tag="300"><subfield code="a">xviii, 338 p. :</subfield><subfield code="b">ill. ;</subfield><subfield code="c">23 cm.</subfield></datafield><datafield ind1=" " ind2="0" tag="440"><subfield code="a">Summer Institute of Linguistics and the University of Texas at Arlington publications in linguistics,</subfield><subfield code="x">1040-0850 ;</subfield><subfield code="v">publication 92</subfield></datafield><datafield ind1=" " ind2=" " tag="504"><subfield code="a">Includes bibliographical references (p. 335-338).</subfield></datafield><datafield ind1=" " ind2="0" tag="650"><subfield code="a">Comanche language</subfield><subfield code="v">Dictionaries</subfield><subfield code="x">English.</subfield></datafield><datafield ind1=" " ind2="0" tag="650"><subfield code="a">English language</subfield><subfield code="v">Dictionaries</subfield><subfield code="x">Comanche.</subfield></datafield><datafield ind1=" " ind2="0" tag="650"><subfield code="a">Comanche language</subfield><subfield code="x">Grammar.</subfield></datafield><datafield ind1="1" ind2="0" tag="700"><subfield code="a">Armagost, James.</subfield></datafield><datafield ind1=" " ind2=" " tag="035"><subfield code="a">(TxDaGIAL)37741100007077</subfield></datafield><controlfield tag="005">20080624154856.0</controlfield><controlfield tag="001">1580</controlfield><controlfield tag="003">TxDaGIAL</controlfield><datafield ind1=" " ind2=" " tag="852"><subfield code="p">37741100007077</subfield><subfield code="a">Library</subfield><subfield code="9">$26.00</subfield><subfield code="x">COPYID:1882</subfield><subfield code="x">FSC@aRegular@c19950822</subfield><subfield code="h">497.45 R662c 1990</subfield><subfield code="z">Standing order 12-90</subfield></datafield><datafield ind1=" " ind2=" " tag="852"><subfield code="p">37741100007078</subfield><subfield code="a">Library</subfield><subfield code="9">$26.00</subfield><subfield code="x">COPYID:1883</subfield><subfield code="x">FSC@aRegular@c19950822</subfield><subfield code="h">497.45 R662c 1990</subfield><subfield code="z">Standing order 12-90</subfield></datafield><datafield ind1=" " ind2=" " tag="852"><subfield code="p">37741100007079</subfield><subfield code="a">Library</subfield><subfield code="9">$26.00</subfield><subfield code="x">COPYID:1884</subfield><subfield code="x">FSC@aRegular@c19950822</subfield><subfield code="h">497.45 R662c 1990</subfield><subfield code="z">Standing order 12-90</subfield></datafield></record>