
<record><leader>01025nam a2200277 a 4500</leader><controlfield tag="008">811210s1981    ne a     b    00110 eng  </controlfield><datafield ind1=" " ind2=" " tag="010"><subfield code="a">   81211935</subfield></datafield><datafield ind1=" " ind2=" " tag="020"><subfield code="a">9004064869</subfield></datafield><datafield ind1=" " ind2=" " tag="040"><subfield code="a">DLC</subfield><subfield code="c">DLC</subfield></datafield><datafield ind1=" " ind2=" " tag="043"><subfield code="a">f-ke---</subfield></datafield><datafield ind1="0" ind2=" " tag="050"><subfield code="a">PL8704.Z9</subfield><subfield code="b">M657 1981</subfield></datafield><datafield ind1="0" ind2=" " tag="082"><subfield code="a">496/.392/0190967623</subfield><subfield code="2">19</subfield></datafield><datafield ind1="1" ind2="0" tag="100"><subfield code="a">Russell, Joan,</subfield><subfield code="d">1929-</subfield></datafield><datafield ind1="1" ind2="0" tag="245"><subfield code="a">Communicative competence in a minority group :</subfield><subfield code="b">a sociolinguistic study of the Swahili-speaking community in the old town, Mombasa /</subfield><subfield code="c">by Joan Russell.</subfield></datafield><datafield ind1="0" ind2=" " tag="260"><subfield code="a">Leiden :</subfield><subfield code="b">Brill,</subfield><subfield code="c">1981.</subfield></datafield><datafield ind1=" " ind2=" " tag="300"><subfield code="a">xiv, 262 p. :</subfield><subfield code="b">ill. ;</subfield><subfield code="c">25 cm.</subfield></datafield><datafield ind1=" " ind2=" " tag="504"><subfield code="a">Bibliography: p. [252]-259.</subfield></datafield><datafield ind1=" " ind2=" " tag="500"><subfield code="a">Includes index.</subfield></datafield><datafield ind1=" " ind2="0" tag="650"><subfield code="a">Swahili language</subfield><subfield code="x">Social aspects</subfield><subfield code="z">Kenya</subfield><subfield code="z">Mombasa.</subfield></datafield><datafield ind1=" " ind2="0" tag="650"><subfield code="a">Swahili language</subfield><subfield code="x">Dialects</subfield><subfield code="z">Kenya</subfield><subfield code="z">Mombasa.</subfield></datafield><datafield ind1=" " ind2="0" tag="651"><subfield code="a">Mombasa (Kenya)</subfield><subfield code="x">Social life and customs.</subfield></datafield><datafield ind1=" " ind2=" " tag="035"><subfield code="a">(TxDaGIAL)37741100003639</subfield></datafield><controlfield tag="005">20080624154909.0</controlfield><controlfield tag="001">1639</controlfield><controlfield tag="003">TxDaGIAL</controlfield><datafield ind1=" " ind2=" " tag="852"><subfield code="p">37741100003639</subfield><subfield code="a">Library</subfield><subfield code="x">COPYID:1972</subfield><subfield code="x">FSC@aRegular@c19950420</subfield><subfield code="h">306.44089 R964c 1981</subfield><subfield code="z">12217</subfield></datafield></record>