
<record><leader>00852nam a2200217 i 4500</leader><controlfield tag="008">960415s1984    enka          000 0 eng d</controlfield><datafield ind1=" " ind2=" " tag="040"><subfield code="a">TxDaGIAL</subfield><subfield code="c">TxDaGIAL</subfield></datafield><datafield ind1="1" ind2=" " tag="100"><subfield code="a">Hedinger, Robert.</subfield></datafield><datafield ind1="1" ind2="2" tag="245"><subfield code="a">A comparative-historical study of the Manenguba languages :</subfield><subfield code="b">(Bantu A.15, Mbo cluster) of Cameroon /</subfield><subfield code="c">by Robert Hedinger.</subfield></datafield><datafield ind1=" " ind2=" " tag="260"><subfield code="c">1984.</subfield></datafield><datafield ind1=" " ind2=" " tag="300"><subfield code="a">478 leaves :</subfield><subfield code="b">ill., maps ;</subfield><subfield code="c">30 cm.</subfield></datafield><datafield ind1=" " ind2=" " tag="502"><subfield code="a">Thesis (Ph.D.)--University of London, 1984.</subfield></datafield><datafield ind1=" " ind2=" " tag="504"><subfield code="a">Bibliography: p. 464-478.</subfield></datafield><datafield ind1=" " ind2="0" tag="650"><subfield code="a">Mbo language (Cameroon)</subfield></datafield><datafield ind1="2" ind2="0" tag="610"><subfield code="a">University of London.</subfield><subfield code="b">School of Oriental and African Studies</subfield><subfield code="x">Dissertations.</subfield></datafield><datafield ind1=" " ind2="0" tag="650"><subfield code="a">Bantu languages.</subfield></datafield><datafield ind1=" " ind2=" " tag="035"><subfield code="a">(TxDaGIAL)37741100010929</subfield></datafield><controlfield tag="005">20080624154915.0</controlfield><controlfield tag="001">1667</controlfield><controlfield tag="003">TxDaGIAL</controlfield><datafield ind1=" " ind2=" " tag="852"><subfield code="p">37741100010929</subfield><subfield code="a">Library</subfield><subfield code="9">$0.00</subfield><subfield code="x">COPYID:2003</subfield><subfield code="x">FSC@aRegular@c19960415</subfield><subfield code="h">496.39 H454c 1984</subfield><subfield code="z">AcPub. 1994</subfield></datafield></record>