
<record><leader>00991nam a2200265 i 4500</leader><controlfield tag="008">950911r19671991miu           000 0 eng d</controlfield><datafield ind1=" " ind2=" " tag="040"><subfield code="a">CU-SB</subfield><subfield code="c">TxDaGIAL</subfield><subfield code="d">TxDaGIAL</subfield></datafield><datafield ind1="1" ind2=" " tag="100"><subfield code="a">Stark, Donald Stewart,</subfield><subfield code="d">1915-1993.</subfield></datafield><datafield ind1="1" ind2="2" tag="245"><subfield code="a">A comparative verb morphology of four Spanish dialects /</subfield><subfield code="c">by Donald Stewart Stark.</subfield></datafield><datafield ind1=" " ind2=" " tag="260"><subfield code="c">c1967.</subfield></datafield><datafield ind1=" " ind2=" " tag="300"><subfield code="a">143 leaves ;</subfield><subfield code="c">21 cm.</subfield></datafield><datafield ind1=" " ind2=" " tag="502"><subfield code="a">Thesis (Ph.D.)--Cornell, 1967.</subfield></datafield><datafield ind1=" " ind2=" " tag="504"><subfield code="a">Bibliography: leaf 143.</subfield></datafield><datafield ind1=" " ind2=" " tag="500"><subfield code="a">Vita.</subfield></datafield><datafield ind1=" " ind2=" " tag="533"><subfield code="a">Facsim.</subfield><subfield code="b">Ann Arbor, Mich. :</subfield><subfield code="c">University Microfilms,</subfield><subfield code="d">1995.</subfield></datafield><datafield ind1="4" ind2=" " tag="510"><subfield code="a">Dissertation abstracts,</subfield><subfield code="c">v. 28 (1967) no. 6, p. 2234-A.</subfield></datafield><datafield ind1=" " ind2="0" tag="650"><subfield code="a">Spanish language</subfield><subfield code="x">Dialects.</subfield></datafield><datafield ind1=" " ind2="0" tag="650"><subfield code="a">Spanish language</subfield><subfield code="x">Verb.</subfield></datafield><datafield ind1=" " ind2="0" tag="650"><subfield code="a">Spanish language</subfield><subfield code="x">Inflection.</subfield></datafield><datafield ind1="2" ind2="0" tag="610"><subfield code="a">Cornell University.</subfield><subfield code="b">Graduate School.</subfield></datafield><datafield ind1=" " ind2=" " tag="035"><subfield code="a">(TxDaGIAL)37741100007914</subfield></datafield><controlfield tag="005">20080624154919.0</controlfield><controlfield tag="001">1680</controlfield><controlfield tag="003">TxDaGIAL</controlfield><datafield ind1=" " ind2=" " tag="852"><subfield code="p">37741100007914</subfield><subfield code="a">Library</subfield><subfield code="9">$36.00</subfield><subfield code="x">COPYID:2018</subfield><subfield code="x">FSC@aRegular@c19950910</subfield><subfield code="h">467 S795c 1967</subfield><subfield code="z">Dir. 7-95</subfield></datafield></record>