
<record><leader>00894nam a2200217 i 4500</leader><controlfield tag="008">960430s1984    txua          000 0 eng d</controlfield><datafield ind1=" " ind2=" " tag="040"><subfield code="a">TxDaGIAL</subfield><subfield code="c">TxDaGIAL</subfield></datafield><datafield ind1="1" ind2=" " tag="100"><subfield code="a">Armour, Malcolm Samuel.</subfield></datafield><datafield ind1="1" ind2="2" tag="245"><subfield code="a">A comparison of narrative and hortatory discourse in Tausug /</subfield><subfield code="c">by Malcolm Samuel Armour.</subfield></datafield><datafield ind1=" " ind2=" " tag="260"><subfield code="c">1984.</subfield></datafield><datafield ind1=" " ind2=" " tag="300"><subfield code="a">xiii, 197 leaves, bound :</subfield><subfield code="b">ill., map ;</subfield><subfield code="c">29 cm.</subfield></datafield><datafield ind1=" " ind2=" " tag="502"><subfield code="a">Thesis (M.A.)--University of Texas at Arlington, 1984.</subfield></datafield><datafield ind1=" " ind2=" " tag="504"><subfield code="a">Includes bibliographical references (leaves 191-197).</subfield></datafield><datafield ind1=" " ind2="0" tag="650"><subfield code="a">Tausug language</subfield><subfield code="x">Discourse analysis.</subfield></datafield><datafield ind1="2" ind2="0" tag="610"><subfield code="a">University of Texas at Arlington.</subfield><subfield code="b">Graduate School</subfield><subfield code="x">Dissertations.</subfield></datafield><datafield ind1=" " ind2="0" tag="651"><subfield code="a">Philippines</subfield><subfield code="x">Languages.</subfield></datafield><datafield ind1=" " ind2=" " tag="035"><subfield code="a">(TxDaGIAL)37741100011232</subfield></datafield><controlfield tag="005">20080624154920.0</controlfield><controlfield tag="001">1685</controlfield><controlfield tag="003">TxDaGIAL</controlfield><datafield ind1=" " ind2=" " tag="852"><subfield code="p">37741100011232</subfield><subfield code="a">Library</subfield><subfield code="9">$0.00</subfield><subfield code="x">COPYID:2024</subfield><subfield code="x">FSC@aRegular@c19960430</subfield><subfield code="h">499.2159 A733c 1984</subfield><subfield code="z">author gift  10485</subfield></datafield></record>