
<record><leader>00850nam a2200205 a 4500</leader><controlfield tag="008">970416s1989    txu           000 0 eng d</controlfield><datafield ind1=" " ind2=" " tag="040"><subfield code="a">TxDaGIAL</subfield><subfield code="c">TxDaGIAL</subfield></datafield><datafield ind1="1" ind2=" " tag="100"><subfield code="a">Ng, Gabriele Sabine.</subfield></datafield><datafield ind1="1" ind2="2" tag="245"><subfield code="a">A comparison of some of the discourse features of literary traditional and modern Malay narrative discourse /</subfield><subfield code="c">by Gabriele Sabine Ng.</subfield></datafield><datafield ind1=" " ind2=" " tag="260"><subfield code="c">1989.</subfield></datafield><datafield ind1=" " ind2=" " tag="300"><subfield code="a">ix, 200 leaves ;</subfield><subfield code="c">29 cm.</subfield></datafield><datafield ind1=" " ind2=" " tag="502"><subfield code="a">Thesis (M.A.)--University of Texas at Arlington, 1989.</subfield></datafield><datafield ind1=" " ind2=" " tag="504"><subfield code="a">Bibliography : leaves 196-200.</subfield></datafield><datafield ind1=" " ind2="0" tag="650"><subfield code="a">Malay language</subfield><subfield code="x">Discourse analysis.</subfield></datafield><datafield ind1="2" ind2="0" tag="610"><subfield code="a">University of Texas at Arlington.</subfield><subfield code="b">Graduate School</subfield><subfield code="x">Dissertations.</subfield></datafield><datafield ind1=" " ind2=" " tag="035"><subfield code="a">(TxDaGIAL)37741100016785</subfield></datafield><controlfield tag="005">20080624154920.0</controlfield><controlfield tag="001">1687</controlfield><controlfield tag="003">TxDaGIAL</controlfield><datafield ind1=" " ind2=" " tag="852"><subfield code="p">37741100016785</subfield><subfield code="a">Library</subfield><subfield code="9">$0.00</subfield><subfield code="x">COPYID:2026</subfield><subfield code="x">FSC@aRegular@c19970416</subfield><subfield code="h">499.280141 N576c 1989</subfield><subfield code="z">author gift 5-89</subfield></datafield></record>