
<record><leader>00896nam a2200241Ia 4500</leader><controlfield tag="008">810527r19721892tnu           00010 engm </controlfield><datafield ind1=" " ind2=" " tag="010"><subfield code="a">   01004274</subfield></datafield><datafield ind1=" " ind2=" " tag="035"><subfield code="a">(CU-UC)3285335</subfield></datafield><datafield ind1=" " ind2=" " tag="040"><subfield code="a">DLC</subfield><subfield code="c">OKT</subfield><subfield code="d">OKT</subfield><subfield code="d">CLU</subfield></datafield><datafield ind1="0" ind2=" " tag="041"><subfield code="a">engcho</subfield></datafield><datafield ind1="1" ind2="0" tag="100"><subfield code="a">Watkins, Ben.</subfield></datafield><datafield ind1="1" ind2="0" tag="245"><subfield code="a">Complete Choctaw definer :</subfield><subfield code="b">English with Choctaw definition /</subfield><subfield code="c">by Ben Watkins.</subfield></datafield><datafield ind1="0" ind2=" " tag="260"><subfield code="a">Van Buren, Ark. :</subfield><subfield code="b">J.W. Baldwin,</subfield><subfield code="c">1892.</subfield></datafield><datafield ind1=" " ind2=" " tag="300"><subfield code="a">84, [8] p. ;</subfield><subfield code="c">20 cm.</subfield></datafield><datafield ind1=" " ind2=" " tag="500"><subfield code="a">"Republished 1972: by Southeastern Indian Antiquities Survey. Original was printed on newsprint." verso tp.</subfield></datafield><datafield ind1=" " ind2=" " tag="546"><subfield code="a">English.</subfield></datafield><datafield ind1=" " ind2="0" tag="650"><subfield code="a">Choctaw language</subfield><subfield code="v">Glossaries, vocabularies, etc.</subfield></datafield><datafield ind1=" " ind2="0" tag="650"><subfield code="a">English language</subfield><subfield code="v">Dictionaries</subfield><subfield code="x">Choctaw.</subfield></datafield><datafield ind1=" " ind2=" " tag="035"><subfield code="a">(TxDaGIAL)37741100016262</subfield></datafield><controlfield tag="005">20080624154922.0</controlfield><controlfield tag="001">1694</controlfield><controlfield tag="003">TxDaGIAL</controlfield><datafield ind1=" " ind2=" " tag="852"><subfield code="p">37741100016262</subfield><subfield code="a">Library</subfield><subfield code="x">COPYID:2033</subfield><subfield code="x">FSC@aRegular@c19970328</subfield><subfield code="h">497.382 W335c 1972</subfield><subfield code="z">3614</subfield></datafield></record>