
<record><leader>00550nam a2200169 a 4500</leader><controlfield tag="008">970930s1974    tu            000 0 eng d</controlfield><datafield ind1=" " ind2=" " tag="040"><subfield code="a">TxDaGIAL</subfield><subfield code="c">TxDaGIAL</subfield></datafield><datafield ind1="1" ind2=" " tag="100"><subfield code="a">Duranoglu, Ozdemir.</subfield></datafield><datafield ind1="1" ind2="2" tag="245"><subfield code="a">A complete course in Turkish /</subfield><subfield code="c">prepared by &#214;zdemir Duranoglu.</subfield></datafield><datafield ind1=" " ind2=" " tag="260"><subfield code="c">1974.</subfield></datafield><datafield ind1=" " ind2=" " tag="300"><subfield code="a">210 p. ;</subfield><subfield code="c">25 cm.</subfield></datafield><datafield ind1=" " ind2="0" tag="650"><subfield code="a">Turkish language</subfield><subfield code="x">Study and teaching.</subfield></datafield><datafield ind1=" " ind2=" " tag="035"><subfield code="a">(TxDaGIAL)37741100020738</subfield></datafield><controlfield tag="005">20080624154922.0</controlfield><controlfield tag="001">1696</controlfield><controlfield tag="003">TxDaGIAL</controlfield><datafield ind1=" " ind2=" " tag="852"><subfield code="p">37741100020738</subfield><subfield code="a">Library</subfield><subfield code="x">COPYID:2035</subfield><subfield code="x">FSC@aRegular@c19971003</subfield><subfield code="h">494.35 D949c 1974</subfield><subfield code="z">13738</subfield></datafield></record>