
<record><leader>00878Qam a2200241Ia 4500</leader><controlfield tag="008">811006s1980    azu          s000 0 eng d</controlfield><datafield ind1=" " ind2=" " tag="035"><subfield code="a">(CU-UC)1842960</subfield></datafield><datafield ind1=" " ind2=" " tag="040"><subfield code="a">OSU</subfield><subfield code="c">OSU</subfield><subfield code="d">CU-SC</subfield></datafield><datafield ind1="1" ind2=" " tag="100"><subfield code="a">Miyagawa, Shigeru.</subfield></datafield><datafield ind1="1" ind2="0" tag="245"><subfield code="a">Complex verbs and the lexicon /</subfield><subfield code="c">by Shigeru Miyagawa.</subfield></datafield><datafield ind1=" " ind2=" " tag="260"><subfield code="a">Tucson, Arizona :</subfield><subfield code="b">University of Arizona,</subfield><subfield code="c">1980.</subfield></datafield><datafield ind1=" " ind2=" " tag="300"><subfield code="a">ix, 147 p. ;</subfield><subfield code="c">28 cm.</subfield></datafield><datafield ind1="1" ind2=" " tag="490"><subfield code="a">Coyote papers : working papers in linguistics from A-Z ;</subfield><subfield code="v">v. 1.</subfield></datafield><datafield ind1=" " ind2=" " tag="500"><subfield code="a">Originally presented as author's thesis (Ph.D.), University of Arizona.</subfield></datafield><datafield ind1=" " ind2=" " tag="546"><subfield code="a">English.</subfield></datafield><datafield ind1=" " ind2="0" tag="650"><subfield code="a">Japanese language</subfield><subfield code="x">Verb.</subfield></datafield><datafield ind1=" " ind2="0" tag="650"><subfield code="a">Japanese language</subfield><subfield code="x">Morphology.</subfield></datafield><datafield ind1=" " ind2="0" tag="830"><subfield code="a">Coyote papers ;</subfield><subfield code="v">v. 1.</subfield></datafield><datafield ind1=" " ind2=" " tag="035"><subfield code="a">(TxDaGIAL)37741100019132</subfield></datafield><controlfield tag="005">20080624154925.0</controlfield><controlfield tag="001">1704</controlfield><controlfield tag="003">TxDaGIAL</controlfield><datafield ind1=" " ind2=" " tag="852"><subfield code="p">37741100019132</subfield><subfield code="a">Library</subfield><subfield code="x">COPYID:2043</subfield><subfield code="x">FSC@aRegular@c19970721</subfield><subfield code="h">495.6 M685c 1980</subfield><subfield code="z">9970</subfield></datafield></record>