
<record><leader>01186cam a2200313 i 4500</leader><controlfield tag="008">760916s1975    ne       b    00110 eng  </controlfield><datafield ind1=" " ind2=" " tag="010"><subfield code="a">   76365911 //r872</subfield></datafield><datafield ind1=" " ind2=" " tag="015"><subfield code="a">Ne***</subfield></datafield><datafield ind1=" " ind2=" " tag="020"><subfield code="a">9027209014</subfield></datafield><datafield ind1=" " ind2=" " tag="040"><subfield code="a">DLC</subfield><subfield code="c">DLC</subfield><subfield code="d">TxDaGIAL</subfield></datafield><datafield ind1="0" ind2=" " tag="050"><subfield code="a">PL4001.L81</subfield><subfield code="b">W4</subfield></datafield><datafield ind1=" " ind2=" " tag="082"><subfield code="a">495/.4</subfield></datafield><datafield ind1=" " ind2=" " tag="099"><subfield code="a">LSH00</subfield></datafield><datafield ind1="1" ind2="0" tag="100"><subfield code="a">Weidert, Alfons.</subfield></datafield><datafield ind1="1" ind2="0" tag="245"><subfield code="a">Componential analysis of Lushai phonology /</subfield><subfield code="c">Alfons Weidert.</subfield></datafield><datafield ind1="0" ind2=" " tag="260"><subfield code="a">Amsterdam :</subfield><subfield code="b">John Benjamins,</subfield><subfield code="c">1975.</subfield></datafield><datafield ind1=" " ind2=" " tag="300"><subfield code="a">xiv, 138 p. ;</subfield><subfield code="c">22 cm.</subfield></datafield><datafield ind1="1" ind2=" " tag="490"><subfield code="a">Amsterdam studies in the theory and history of linguistic science : series 4, Current issues in linguistic theory ;</subfield><subfield code="v">v. 2</subfield></datafield><datafield ind1=" " ind2=" " tag="504"><subfield code="a">Bibliography: p. [137]-138.</subfield></datafield><datafield ind1=" " ind2=" " tag="500"><subfield code="a">Includes index.</subfield></datafield><datafield ind1=" " ind2="0" tag="650"><subfield code="a">Lushai language</subfield><subfield code="x">Phonology.</subfield></datafield><datafield ind1=" " ind2="0" tag="650"><subfield code="a">Lushai language</subfield><subfield code="x">Grammar, Generative.</subfield></datafield><datafield ind1=" " ind2="0" tag="650"><subfield code="a">Componential analysis (Linguistics)</subfield></datafield><datafield ind1=" " ind2="0" tag="830"><subfield code="a">Amsterdam studies in the theory and history of linguistic science.</subfield><subfield code="n">Series IV,</subfield><subfield code="p">Current issues in linguistic theory ;</subfield><subfield code="v">2.</subfield></datafield><datafield ind1=" " ind2=" " tag="035"><subfield code="a">(TxDaGIAL)37741100009335</subfield></datafield><controlfield tag="005">20080624154926.0</controlfield><controlfield tag="001">1706</controlfield><controlfield tag="003">TxDaGIAL</controlfield><datafield ind1=" " ind2=" " tag="852"><subfield code="p">37741100009335</subfield><subfield code="a">Library</subfield><subfield code="x">COPYID:2045</subfield><subfield code="x">FSC@aRegular@c19951108</subfield><subfield code="h">495.4 W417c 1975</subfield><subfield code="z">10339</subfield></datafield></record>