
<record><leader>00773nam a2200217 i 4500</leader><controlfield tag="008">781005s1962    enk      d    00010 eng  </controlfield><datafield ind1=" " ind2=" " tag="010"><subfield code="a">   78310762</subfield></datafield><datafield ind1=" " ind2=" " tag="040"><subfield code="a">DLC</subfield><subfield code="c">DLC</subfield><subfield code="d">TxDaGIAL</subfield></datafield><datafield ind1="0" ind2=" " tag="041"><subfield code="a">engegy</subfield></datafield><datafield ind1="0" ind2=" " tag="050"><subfield code="a">PJ1425</subfield><subfield code="b">.F3</subfield></datafield><datafield ind1=" " ind2=" " tag="082"><subfield code="a">493/.1</subfield></datafield><datafield ind1="1" ind2="0" tag="100"><subfield code="a">Faulkner, Raymond Oliver,</subfield><subfield code="d">1894-</subfield></datafield><datafield ind1="1" ind2="2" tag="245"><subfield code="a">A concise dictionary of Middle Egyptian /</subfield><subfield code="c">by Raymond O. Faulkner.</subfield></datafield><datafield ind1="0" ind2=" " tag="260"><subfield code="a">Oxford :</subfield><subfield code="b">Printed for the Griffith Institute at the University Press by V. Ridler,</subfield><subfield code="c">c1962.</subfield></datafield><datafield ind1=" " ind2=" " tag="300"><subfield code="a">xvi, 7, 327 p. ;</subfield><subfield code="c">26 cm.</subfield></datafield><datafield ind1=" " ind2="0" tag="650"><subfield code="a">Egyptian language</subfield><subfield code="v">Dictionaries</subfield><subfield code="x">English.</subfield></datafield><datafield ind1=" " ind2=" " tag="035"><subfield code="a">(TxDaGIAL)37741100007538</subfield></datafield><controlfield tag="005">20080624154938.0</controlfield><controlfield tag="001">1752</controlfield><controlfield tag="003">TxDaGIAL</controlfield><datafield ind1=" " ind2=" " tag="852"><subfield code="p">37741100007538</subfield><subfield code="a">Library</subfield><subfield code="x">COPYID:2094</subfield><subfield code="x">FSC@aRegular@c19950906</subfield><subfield code="h">493.1 F263c 1962</subfield><subfield code="z">E. Powell 7-89</subfield></datafield></record>