
<record><leader>01082pam a2200301 a 4500</leader><controlfield tag="008">950530s1995    mnua     d   s001 0 eng  </controlfield><datafield ind1=" " ind2=" " tag="010"><subfield code="a">   94035219</subfield></datafield><datafield ind1=" " ind2=" " tag="020"><subfield code="a">0816624283 (pbk.) :</subfield><subfield code="c">$9.95</subfield></datafield><datafield ind1=" " ind2=" " tag="040"><subfield code="a">DLC</subfield><subfield code="c">DLC</subfield><subfield code="d">DLC</subfield></datafield><datafield ind1="0" ind2=" " tag="041"><subfield code="a">engoji</subfield></datafield><datafield ind1="0" ind2="0" tag="050"><subfield code="a">PM853</subfield><subfield code="b">.N53 1995</subfield></datafield><datafield ind1=" " ind2=" " tag="069"><subfield code="a">01009940</subfield></datafield><datafield ind1="0" ind2="0" tag="082"><subfield code="a">497/.3</subfield><subfield code="2">20</subfield></datafield><datafield ind1="1" ind2=" " tag="100"><subfield code="a">Nichols, John</subfield><subfield code="q">(John D.)</subfield></datafield><datafield ind1="1" ind2="2" tag="245"><subfield code="a">A concise dictionary of Minnesota Ojibwe /</subfield><subfield code="c">John D. Nichols and Earl Nyholm ; illustrations by Earl Nyholm.</subfield></datafield><datafield ind1=" " ind2=" " tag="260"><subfield code="a">Minneapolis :</subfield><subfield code="b">University of Minnesota Press,</subfield><subfield code="c">c1995.</subfield></datafield><datafield ind1=" " ind2=" " tag="300"><subfield code="a">xxviii, 288 p. :</subfield><subfield code="b">ill. ;</subfield><subfield code="c">23 cm.</subfield></datafield><datafield ind1=" " ind2=" " tag="500"><subfield code="a">Includes index.</subfield></datafield><datafield ind1=" " ind2=" " tag="500"><subfield code="a">Rev., expanded ed. of: Ojibwewi-Ikidowinan. 1979.</subfield></datafield><datafield ind1=" " ind2="0" tag="650"><subfield code="a">Ojibwa language</subfield><subfield code="v">Dictionaries</subfield><subfield code="x">English.</subfield></datafield><datafield ind1=" " ind2="0" tag="650"><subfield code="a">English language</subfield><subfield code="v">Dictionaries</subfield><subfield code="x">Ojibwa.</subfield></datafield><datafield ind1="1" ind2=" " tag="700"><subfield code="a">Nyholm, Earl.</subfield></datafield><datafield ind1="0" ind2=" " tag="730"><subfield code="a">Ojibwewi-Ikidowinan.</subfield></datafield><datafield ind1=" " ind2=" " tag="035"><subfield code="a">(TxDaGIAL)37741100010347</subfield></datafield><controlfield tag="005">20080624154939.0</controlfield><controlfield tag="001">1753</controlfield><controlfield tag="003">TxDaGIAL</controlfield><datafield ind1=" " ind2=" " tag="852"><subfield code="p">37741100010347</subfield><subfield code="a">Library</subfield><subfield code="9">$8.66</subfield><subfield code="x">FUND:Ling</subfield><subfield code="x">COPYID:2095</subfield><subfield code="x">FSC@aRegular@c19960325</subfield><subfield code="h">497.34 N619c 1995</subfield><subfield code="z">B/T  2-96</subfield></datafield></record>