
<record><leader>00823nam a2200229   4500</leader><controlfield tag="008">710506s1971    iau           00010 eng  </controlfield><datafield ind1=" " ind2=" " tag="010"><subfield code="a">   73148827</subfield></datafield><datafield ind1=" " ind2=" " tag="020"><subfield code="a">084030367X</subfield></datafield><datafield ind1=" " ind2=" " tag="040"><subfield code="a">DLC</subfield><subfield code="c">DLC</subfield><subfield code="d">TxDaGIAL</subfield></datafield><datafield ind1="0" ind2=" " tag="041"><subfield code="a">engara</subfield></datafield><datafield ind1="0" ind2=" " tag="050"><subfield code="a">PJ6307</subfield><subfield code="b">.B46</subfield></datafield><datafield ind1=" " ind2=" " tag="082"><subfield code="a">492.7/8/2421</subfield></datafield><datafield ind1="1" ind2="0" tag="100"><subfield code="a">Bishai, Wilson B.,</subfield><subfield code="d">1923-</subfield></datafield><datafield ind1="1" ind2="0" tag="245"><subfield code="a">Concise grammar of literary Arabic :</subfield><subfield code="b">a new approach with vocabulary lists, exercises, reading selections and a cumulative glossary /</subfield><subfield code="c">by Wilson B. Bishai.</subfield></datafield><datafield ind1="0" ind2=" " tag="260"><subfield code="a">Dubuque, Iowa :</subfield><subfield code="b">Kendall/Hunt Pub. Co.,</subfield><subfield code="c">c1971.</subfield></datafield><datafield ind1=" " ind2=" " tag="300"><subfield code="a">xiii, 342 p. ;</subfield><subfield code="c">28 cm.</subfield></datafield><datafield ind1=" " ind2="0" tag="650"><subfield code="a">Arabic language</subfield><subfield code="x">Grammar.</subfield></datafield><datafield ind1=" " ind2=" " tag="035"><subfield code="a">(TxDaGIAL)37741100007672</subfield></datafield><controlfield tag="005">20080624154939.0</controlfield><controlfield tag="001">1756</controlfield><controlfield tag="003">TxDaGIAL</controlfield><datafield ind1=" " ind2=" " tag="852"><subfield code="p">37741100007672</subfield><subfield code="a">Library</subfield><subfield code="x">COPYID:2098</subfield><subfield code="x">FSC@aRegular@c19950906</subfield><subfield code="h">492.782421 B622c 1971</subfield><subfield code="z">6350</subfield></datafield></record>