
<record><leader>01019nam a2200289 a 4500</leader><controlfield tag="008">890221s1988    hu a     b    000 0 eng d</controlfield><datafield ind1=" " ind2=" " tag="010"><subfield code="a">   89115870</subfield></datafield><datafield ind1=" " ind2=" " tag="020"><subfield code="a">9630546817</subfield></datafield><datafield ind1=" " ind2=" " tag="035"><subfield code="a">(OCoLC)20331706</subfield></datafield><datafield ind1=" " ind2=" " tag="040"><subfield code="a">HU</subfield><subfield code="c">DLC</subfield><subfield code="d">DLC</subfield></datafield><datafield ind1="0" ind2=" " tag="041"><subfield code="a">enghunjpn</subfield></datafield><datafield ind1=" " ind2=" " tag="042"><subfield code="a">lccopycat</subfield></datafield><datafield ind1="0" ind2="0" tag="050"><subfield code="a">MLCS 91/18544 (P)</subfield></datafield><datafield ind1="0" ind2="0" tag="245"><subfield code="a">Contrastive studies Hungarian-Japanese /</subfield><subfield code="c">edited by Judit Hidasi.</subfield></datafield><datafield ind1="0" ind2=" " tag="260"><subfield code="a">Budapest :</subfield><subfield code="b">Akad&#233;miai Kiad&#243;,</subfield><subfield code="c">1988.</subfield></datafield><datafield ind1=" " ind2=" " tag="300"><subfield code="a">208 p. :</subfield><subfield code="b">ill. ;</subfield><subfield code="c">20 cm.</subfield></datafield><datafield ind1=" " ind2="0" tag="440"><subfield code="a">Studia comparationis linguae Hungaricae,</subfield><subfield code="x">0209-5173</subfield></datafield><datafield ind1=" " ind2=" " tag="500"><subfield code="a">English, Hungarian, and Japanese.</subfield></datafield><datafield ind1=" " ind2=" " tag="504"><subfield code="a">Includes bibliographical references.</subfield></datafield><datafield ind1=" " ind2="0" tag="650"><subfield code="a">Hungarian language</subfield><subfield code="x">Grammar, Comparative</subfield><subfield code="x">Japanese.</subfield></datafield><datafield ind1=" " ind2="0" tag="650"><subfield code="a">Japanese language</subfield><subfield code="x">Grammar, Comparative</subfield><subfield code="x">Hungarian.</subfield></datafield><datafield ind1="1" ind2="0" tag="700"><subfield code="a">Hidasi, Judit.</subfield></datafield><datafield ind1=" " ind2=" " tag="035"><subfield code="a">(TxDaGIAL)37741100007610</subfield></datafield><controlfield tag="005">20080624155001.0</controlfield><controlfield tag="001">1838</controlfield><controlfield tag="003">TxDaGIAL</controlfield><datafield ind1=" " ind2=" " tag="852"><subfield code="p">37741100007610</subfield><subfield code="a">Library</subfield><subfield code="9">$13.00</subfield><subfield code="x">COPYID:2185</subfield><subfield code="x">FSC@aRegular@c19950906</subfield><subfield code="h">494.511 C764h 1988</subfield><subfield code="z">B/T 4-89</subfield></datafield></record>