
<record><leader>00818nam a2200217 a 4500</leader><controlfield tag="008">970926s1975    nyu           000 0 eng d</controlfield><datafield ind1=" " ind2=" " tag="040"><subfield code="a">TxDaGIAL</subfield><subfield code="c">TxDaGIAL</subfield></datafield><datafield ind1="1" ind2=" " tag="100"><subfield code="a">Shaw, Sanford Whitcoms.</subfield></datafield><datafield ind1="1" ind2="2" tag="245"><subfield code="a">A contrastive study of some negative morphemes in standard Spanish and several indigenous languages of Peru /</subfield><subfield code="c">by Sanford Whitcomb Shaw.</subfield></datafield><datafield ind1=" " ind2=" " tag="260"><subfield code="c">1975.</subfield></datafield><datafield ind1=" " ind2=" " tag="300"><subfield code="a">v, 114 leaves ;</subfield><subfield code="c">29 cm.</subfield></datafield><datafield ind1=" " ind2=" " tag="502"><subfield code="a">Thesis (Ph.D.)--Cornell University, 1975.</subfield></datafield><datafield ind1=" " ind2=" " tag="504"><subfield code="a">Bibliography: leaves 98-99.</subfield></datafield><datafield ind1=" " ind2="0" tag="650"><subfield code="a">Spanish language</subfield><subfield code="x">Negatives.</subfield></datafield><datafield ind1=" " ind2="0" tag="651"><subfield code="a">Peru</subfield><subfield code="x">Languages</subfield><subfield code="x">Negatives.</subfield></datafield><datafield ind1="2" ind2="0" tag="610"><subfield code="a">Cornell University</subfield><subfield code="x">Dissertations.</subfield></datafield><datafield ind1=" " ind2=" " tag="035"><subfield code="a">(TxDaGIAL)37741100020619</subfield></datafield><controlfield tag="005">20080624155001.0</controlfield><controlfield tag="001">1839</controlfield><controlfield tag="003">TxDaGIAL</controlfield><datafield ind1=" " ind2=" " tag="852"><subfield code="p">37741100020619</subfield><subfield code="a">Library</subfield><subfield code="x">COPYID:2186</subfield><subfield code="x">FSC@aRegular@c19970929</subfield><subfield code="h">465 S536c 1975</subfield><subfield code="z">9734</subfield></datafield></record>