
<record><leader>00938nam a2200289 a 4500</leader><controlfield tag="008">941027s1986    ne a     b    000 0 eng d</controlfield><datafield ind1=" " ind2=" " tag="010"><subfield code="a">   94223741</subfield></datafield><datafield ind1=" " ind2=" " tag="020"><subfield code="a">9004078509</subfield></datafield><datafield ind1=" " ind2=" " tag="040"><subfield code="a">NhD</subfield><subfield code="c">NhD</subfield><subfield code="d">MH</subfield><subfield code="d">WaU</subfield><subfield code="d">DLC</subfield></datafield><datafield ind1=" " ind2=" " tag="042"><subfield code="a">lccopycat</subfield></datafield><datafield ind1=" " ind2=" " tag="043"><subfield code="a">a-cc---</subfield></datafield><datafield ind1="0" ind2="0" tag="050"><subfield code="a">PL3521</subfield><subfield code="b">.C66 1986</subfield></datafield><datafield ind1="0" ind2="0" tag="082"><subfield code="a">495</subfield><subfield code="2">20</subfield></datafield><datafield ind1="0" ind2="0" tag="245"><subfield code="a">Contributions to Sino-Tibetan studies /</subfield><subfield code="c">edited by John McCoy, Timothy Light.</subfield></datafield><datafield ind1=" " ind2=" " tag="260"><subfield code="a">Leiden :</subfield><subfield code="b">E.J. Brill,</subfield><subfield code="c">1986.</subfield></datafield><datafield ind1=" " ind2=" " tag="300"><subfield code="a">viii, 477 p. :</subfield><subfield code="b">ill. ;</subfield><subfield code="c">25 cm.</subfield></datafield><datafield ind1=" " ind2="0" tag="440"><subfield code="a">Cornell linguistic contributions ;</subfield><subfield code="v">v. 5</subfield></datafield><datafield ind1=" " ind2=" " tag="504"><subfield code="a">Includes bibliographical references.</subfield></datafield><datafield ind1=" " ind2="0" tag="650"><subfield code="a">Sino-Tibetan languages.</subfield></datafield><datafield ind1=" " ind2="0" tag="650"><subfield code="a">Chinese language.</subfield></datafield><datafield ind1="1" ind2=" " tag="700"><subfield code="a">McCoy, John,</subfield><subfield code="d">1924-</subfield></datafield><datafield ind1="1" ind2=" " tag="700"><subfield code="a">Light, Timothy.</subfield></datafield><datafield ind1=" " ind2=" " tag="035"><subfield code="a">(TxDaGIAL)37741100014699</subfield></datafield><controlfield tag="005">20080624155003.0</controlfield><controlfield tag="001">1846</controlfield><controlfield tag="003">TxDaGIAL</controlfield><datafield ind1=" " ind2=" " tag="852"><subfield code="p">37741100014699</subfield><subfield code="a">Library</subfield><subfield code="9">$81.75</subfield><subfield code="x">COPYID:2195</subfield><subfield code="x">FSC@aRegular@c19970127</subfield><subfield code="h">495 C764m 1986</subfield><subfield code="z">B/T 2-88</subfield></datafield></record>