
<record><leader>00947nam a2200241 i 4500</leader><controlfield tag="008">900313s1944    dk       b    00010 dan d</controlfield><datafield ind1=" " ind2=" " tag="035"><subfield code="a">(CU-UC)6318584</subfield></datafield><datafield ind1=" " ind2=" " tag="040"><subfield code="a">WAU</subfield><subfield code="c">WAU</subfield><subfield code="d">CUY</subfield><subfield code="d">TxDaGIAL</subfield></datafield><datafield ind1="1" ind2="0" tag="100"><subfield code="a">Smith, Svend,</subfield><subfield code="d">1907-</subfield></datafield><datafield ind1="1" ind2="0" tag="245"><subfield code="a">Contributions to the solution of problems concerning the Danish st&#248;d, Bidrag til l&#248;sning af problemer vedr&#248;rende st&#248;det i dansk rigssprog :</subfield><subfield code="b">summary and curves /</subfield><subfield code="c">by Svend Smith.</subfield></datafield><datafield ind1="1" ind2="3" tag="246"><subfield code="a">Bidrag til l&#248;sning af problemer vedr&#248;rende st&#248;det i dansk rigssprog</subfield></datafield><datafield ind1="0" ind2=" " tag="260"><subfield code="a">Copenhagen :</subfield><subfield code="b">Kaifer,</subfield><subfield code="c">1944.</subfield></datafield><datafield ind1=" " ind2=" " tag="300"><subfield code="a">125 p. ;</subfield><subfield code="c">25 cm.</subfield></datafield><datafield ind1=" " ind2=" " tag="502"><subfield code="a">Thesis--Copenhagen.</subfield></datafield><datafield ind1=" " ind2=" " tag="504"><subfield code="a">Bibliography: p. 121-125.</subfield></datafield><datafield ind1=" " ind2=" " tag="546"><subfield code="a">Danish.</subfield></datafield><datafield ind1=" " ind2="0" tag="650"><subfield code="a">Danish language</subfield><subfield code="x">Phonetics.</subfield></datafield><datafield ind1="0" ind2="1" tag="740"><subfield code="a">St&#248;det i dansk rigsprog.</subfield></datafield><datafield ind1=" " ind2=" " tag="035"><subfield code="a">(TxDaGIAL)37741100018445</subfield></datafield><controlfield tag="005">20080624155003.0</controlfield><controlfield tag="001">1847</controlfield><controlfield tag="003">TxDaGIAL</controlfield><datafield ind1=" " ind2=" " tag="852"><subfield code="p">37741100018445</subfield><subfield code="a">Library</subfield><subfield code="x">COPYID:2196</subfield><subfield code="x">FSC@aRegular@c19970619</subfield><subfield code="h">439.8 S661c 1944</subfield><subfield code="z">177</subfield></datafield></record>