
<record><leader>01024nam a2200265   4500</leader><controlfield tag="008">730823s1971    np       b    00000 eng  </controlfield><datafield ind1=" " ind2=" " tag="010"><subfield code="a">   73902409 /SA</subfield></datafield><datafield ind1=" " ind2=" " tag="040"><subfield code="a">DLC</subfield><subfield code="c">DLC</subfield><subfield code="d">TxDaGIAL</subfield></datafield><datafield ind1="0" ind2=" " tag="041"><subfield code="a">engnep</subfield></datafield><datafield ind1="0" ind2=" " tag="050"><subfield code="a">PK2596</subfield><subfield code="b">.C6 1971</subfield></datafield><datafield ind1="0" ind2="4" tag="082"><subfield code="a">491.49</subfield><subfield code="2">20</subfield></datafield><datafield ind1="0" ind2="0" tag="245"><subfield code="a">Conversational Nepali. /</subfield><subfield code="c">Edited by Anna Maria Hari.</subfield></datafield><datafield ind1=" " ind2=" " tag="250"><subfield code="a">[1st ed.</subfield></datafield><datafield ind1="0" ind2=" " tag="260"><subfield code="a">Kathmandu] :</subfield><subfield code="b">Summer Institute of Linguistics [and] Institute of Nepal Studies, Tribhuvan University,</subfield><subfield code="c">1971.</subfield></datafield><datafield ind1=" " ind2=" " tag="300"><subfield code="a">1 v. (various pagings) ;</subfield><subfield code="c">26 cm.</subfield></datafield><datafield ind1=" " ind2=" " tag="500"><subfield code="a">Revision and expansion of the 2 pt. mimeographed lessons produced by the Summer Institute of Linguistics (Nepal).</subfield></datafield><datafield ind1=" " ind2=" " tag="504"><subfield code="a">Bibliography: p. [598]-[599].</subfield></datafield><datafield ind1=" " ind2="0" tag="650"><subfield code="a">Nepali language</subfield><subfield code="x">Spoken Nepali.</subfield></datafield><datafield ind1="1" ind2="0" tag="700"><subfield code="a">H&#225;ri, M&#225;ria,</subfield><subfield code="d">1938-</subfield><subfield code="e">ed.</subfield></datafield><datafield ind1="2" ind2="0" tag="710"><subfield code="a">Summer Institute of Linguistics.</subfield></datafield><datafield ind1=" " ind2=" " tag="035"><subfield code="a">(TxDaGIAL)37741100007034</subfield></datafield><controlfield tag="005">20080624155006.0</controlfield><controlfield tag="001">1855</controlfield><controlfield tag="003">TxDaGIAL</controlfield><datafield ind1=" " ind2=" " tag="852"><subfield code="p">37741100007034</subfield><subfield code="a">Library</subfield><subfield code="x">COPYID:2204</subfield><subfield code="x">FSC@aRegular@c19971128</subfield><subfield code="h">491.495 H281c 1971</subfield><subfield code="z">8738</subfield></datafield></record>