
<record><leader>00960cam a2200253 a 4500</leader><controlfield tag="008">730220s1971    np            00000 eng  </controlfield><datafield ind1=" " ind2=" " tag="010"><subfield code="a">   78927490 /SA/r872</subfield></datafield><datafield ind1=" " ind2=" " tag="040"><subfield code="a">DLC</subfield><subfield code="c">DLC</subfield><subfield code="d">TxDaGIAL</subfield></datafield><datafield ind1="0" ind2=" " tag="041"><subfield code="a">engnew</subfield></datafield><datafield ind1="0" ind2=" " tag="050"><subfield code="a">PL3801.N51</subfield><subfield code="b">I8</subfield></datafield><datafield ind1=" " ind2=" " tag="082"><subfield code="a">495/.4/9</subfield><subfield code="2">21</subfield></datafield><datafield ind1=" " ind2=" " tag="094"><subfield code="a">new00</subfield><subfield code="2">ROPAL</subfield></datafield><datafield ind1="1" ind2="0" tag="100"><subfield code="a">Shresthacarya, Ishwaranand,</subfield><subfield code="d">1928-</subfield></datafield><datafield ind1="1" ind2="0" tag="245"><subfield code="a">Conversational Newari /</subfield><subfield code="c">Iswaranand Sresthacharya, Jagan Nath Maskey, Austin Hale.</subfield></datafield><datafield ind1="0" ind2=" " tag="260"><subfield code="a">Kathmandu :</subfield><subfield code="b">Summer Institute of Linguistics :</subfield><subfield code="b">Institute for Nepal studies :</subfield><subfield code="b">Tribhuvan University,</subfield><subfield code="c">1971.</subfield></datafield><datafield ind1=" " ind2=" " tag="300"><subfield code="a">[10], 245 leaves ;</subfield><subfield code="c">26 cm.</subfield></datafield><datafield ind1=" " ind2="0" tag="650"><subfield code="a">Newari language</subfield><subfield code="v">Textbooks for foreign speakers</subfield><subfield code="x">English.</subfield></datafield><datafield ind1="1" ind2="0" tag="700"><subfield code="a">Maskey, Jagan Nath,</subfield><subfield code="e">joint author.</subfield></datafield><datafield ind1="1" ind2="0" tag="700"><subfield code="a">Hale, Austin,</subfield><subfield code="e">joint author.</subfield></datafield><datafield ind1=" " ind2=" " tag="035"><subfield code="a">(TxDaGIAL)37741100012564</subfield></datafield><controlfield tag="005">20080624155006.0</controlfield><controlfield tag="001">1856</controlfield><controlfield tag="003">TxDaGIAL</controlfield><datafield ind1=" " ind2=" " tag="852"><subfield code="p">37741100012564</subfield><subfield code="a">Library</subfield><subfield code="x">COPYID:2205</subfield><subfield code="x">FSC@aRegular@c19960717</subfield><subfield code="h">495.49 S774c 1971</subfield><subfield code="z">6075</subfield></datafield></record>