
<record><leader>00799cam a2200229 a 4500</leader><controlfield tag="008">840521s1985    hiu          s00010 eng  </controlfield><datafield ind1=" " ind2=" " tag="010"><subfield code="a">   84008612 //r87</subfield></datafield><datafield ind1=" " ind2=" " tag="020"><subfield code="a">0824809440 (pbk.)</subfield></datafield><datafield ind1=" " ind2=" " tag="040"><subfield code="a">DLC</subfield><subfield code="c">DLC</subfield><subfield code="d">TxDaGIAL</subfield></datafield><datafield ind1="0" ind2=" " tag="041"><subfield code="a">engtag</subfield></datafield><datafield ind1="0" ind2=" " tag="050"><subfield code="a">PL6053</subfield><subfield code="b">.R2745 1985</subfield></datafield><datafield ind1="0" ind2=" " tag="082"><subfield code="a">499/.21183421</subfield><subfield code="2">19</subfield></datafield><datafield ind1="1" ind2="0" tag="100"><subfield code="a">Ramos, Teresita V.</subfield></datafield><datafield ind1="1" ind2="0" tag="245"><subfield code="a">Conversational Tagalog :</subfield><subfield code="b">a functional-situational approach /</subfield><subfield code="c">Teresita V. Ramos.</subfield></datafield><datafield ind1="0" ind2=" " tag="260"><subfield code="a">Honolulu :</subfield><subfield code="b">University of Hawaii Press,</subfield><subfield code="c">c1985.</subfield></datafield><datafield ind1=" " ind2=" " tag="300"><subfield code="a">xvi, 341 p. ;</subfield><subfield code="c">23 cm.</subfield></datafield><datafield ind1=" " ind2="0" tag="650"><subfield code="a">Tagalog language</subfield><subfield code="v">Textbooks for foreign speakers</subfield><subfield code="x">English.</subfield></datafield><datafield ind1=" " ind2=" " tag="035"><subfield code="a">(TxDaGIAL)37741100011144</subfield></datafield><controlfield tag="005">20080624155006.0</controlfield><controlfield tag="001">1858</controlfield><controlfield tag="003">TxDaGIAL</controlfield><datafield ind1=" " ind2=" " tag="852"><subfield code="p">37741100011144</subfield><subfield code="a">Library</subfield><subfield code="x">COPYID:2207</subfield><subfield code="x">FSC@aRegular@c19960426</subfield><subfield code="h">499.2141 R175co 1985</subfield><subfield code="z">12213</subfield></datafield></record>