
<record><leader>00805nam a2200241 a 4500</leader><controlfield tag="007">hdrafb---baba</controlfield><controlfield tag="008">830825s1982    miua     b    00010 eng d</controlfield><datafield ind1=" " ind2=" " tag="035"><subfield code="a">(CU-UC)4474219</subfield></datafield><datafield ind1=" " ind2=" " tag="040"><subfield code="a">CU-S</subfield><subfield code="c">CU-S</subfield></datafield><datafield ind1="1" ind2="0" tag="100"><subfield code="a">Casad, Eugene Homer,</subfield><subfield code="d">1941-</subfield></datafield><datafield ind1="1" ind2="0" tag="245"><subfield code="a">Cora locationals and structured imagery /</subfield><subfield code="c">by Eugene Homer Casad.</subfield></datafield><datafield ind1="1" ind2=" " tag="260"><subfield code="c">1982.</subfield></datafield><datafield ind1=" " ind2=" " tag="300"><subfield code="a">xxi, 420 p. :</subfield><subfield code="b">ill. ;</subfield><subfield code="c">28 cm.</subfield></datafield><datafield ind1=" " ind2=" " tag="502"><subfield code="a">Thesis (Ph. D.)--University of California, San Diego, 1982.</subfield></datafield><datafield ind1=" " ind2=" " tag="504"><subfield code="a">Bibliography: leaves 412-417.</subfield></datafield><datafield ind1=" " ind2=" " tag="546"><subfield code="a">English.</subfield></datafield><datafield ind1=" " ind2="0" tag="650"><subfield code="a">Cora language</subfield><subfield code="x">Grammar.</subfield></datafield><datafield ind1=" " ind2="0" tag="650"><subfield code="a">Cora language</subfield><subfield code="x">Figures of speech.</subfield></datafield><datafield ind1=" " ind2=" " tag="035"><subfield code="a">(TxDaGIAL)37741100016222</subfield></datafield><controlfield tag="005">20080624155010.0</controlfield><controlfield tag="001">1870</controlfield><controlfield tag="003">TxDaGIAL</controlfield><datafield ind1=" " ind2=" " tag="852"><subfield code="p">37741100016222</subfield><subfield code="a">Library</subfield><subfield code="x">COPYID:2222</subfield><subfield code="x">FSC@aRegular@c19970325</subfield><subfield code="h">497.45 C334c 1982</subfield><subfield code="z">12272</subfield></datafield></record>