
<record><leader>01311nam a2200313Ii 4500</leader><controlfield tag="008">790606s1959    mx            00010 spa  </controlfield><datafield ind1=" " ind2=" " tag="010"><subfield code="a">   60051483</subfield></datafield><datafield ind1=" " ind2=" " tag="035"><subfield code="a">(CU-UC)5297563</subfield></datafield><datafield ind1=" " ind2=" " tag="040"><subfield code="a">DLC</subfield><subfield code="c">IPL</subfield><subfield code="d">CLU</subfield></datafield><datafield ind1="0" ind2=" " tag="041"><subfield code="a">spacai</subfield></datafield><datafield ind1="0" ind2=" " tag="050"><subfield code="a">PM3711.Z5</subfield><subfield code="b">M3</subfield></datafield><datafield ind1="1" ind2="0" tag="100"><subfield code="a">McMahon, Ambrosio.</subfield></datafield><datafield ind1="1" ind2="0" tag="245"><subfield code="a">Cora y espa&#241;ol /</subfield><subfield code="c">compilado por Ambrosio McMahon y Mar&#237;a Ait&#243;n de McMahon.</subfield></datafield><datafield ind1="0" ind2=" " tag="260"><subfield code="a">M&#233;xico :</subfield><subfield code="b">Instituto Ling&#252;&#237;stico de Verano en cooperaci&#243;n con la Direcci&#243;n General de Asuntos Ind&#237;genas de la Secretar&#237;a de Educaci&#243;n P&#250;blica,</subfield><subfield code="c">1959.</subfield></datafield><datafield ind1=" " ind2=" " tag="300"><subfield code="a">xv, 193 p. :</subfield><subfield code="b">illus. ;</subfield><subfield code="c">21 cm.</subfield></datafield><datafield ind1="1" ind2=" " tag="490"><subfield code="a">Serie de vocabularios ind&#237;genas, no. 2</subfield></datafield><datafield ind1=" " ind2=" " tag="500"><subfield code="a">Cover title: Vocabulario cora.</subfield></datafield><datafield ind1=" " ind2=" " tag="546"><subfield code="a">Spanish.</subfield></datafield><datafield ind1=" " ind2="0" tag="650"><subfield code="a">Cora language</subfield><subfield code="v">Dictionaries</subfield><subfield code="x">Spanish.</subfield></datafield><datafield ind1=" " ind2="0" tag="650"><subfield code="a">Spanish language</subfield><subfield code="v">Dictionaries</subfield><subfield code="x">Cora.</subfield></datafield><datafield ind1="1" ind2="0" tag="700"><subfield code="a">Ait&#243;n de McMahon, Mar&#237;a,</subfield><subfield code="e">joint author.</subfield></datafield><datafield ind1="0" ind2="0" tag="740"><subfield code="a">Vocabulario cora.</subfield></datafield><datafield ind1=" " ind2="0" tag="830"><subfield code="a">Serie de vocabularios y diccionarios ind&#237;genas &quot;Mariano Silva y Aceves&quot; ;</subfield><subfield code="v">n&#250;m. 2.</subfield></datafield><datafield ind1=" " ind2=" " tag="035"><subfield code="a">(TxDaGIAL)37741100016354</subfield></datafield><controlfield tag="005">20080624155010.0</controlfield><controlfield tag="001">1871</controlfield><controlfield tag="003">TxDaGIAL</controlfield><datafield ind1=" " ind2=" " tag="852"><subfield code="p">37741100016354</subfield><subfield code="a">Library</subfield><subfield code="x">COPYID:2223</subfield><subfield code="x">FSC@aRegular@c19970328</subfield><subfield code="h">497.45 M167c 1959</subfield><subfield code="z">1913</subfield></datafield><datafield ind1=" " ind2=" " tag="852"><subfield code="p">37741100016355</subfield><subfield code="a">Library</subfield><subfield code="x">COPYID:2224</subfield><subfield code="x">FSC@aRegular@c19970328</subfield><subfield code="h">497.45 M167c 1959</subfield><subfield code="z">826</subfield></datafield></record>