
<record><leader>00987cam a2200265 i 4500</leader><controlfield tag="008">760820s1976    nyua     b    00010 eng  </controlfield><datafield ind1=" " ind2=" " tag="010"><subfield code="a">   75025115 //r92</subfield></datafield><datafield ind1=" " ind2=" " tag="020"><subfield code="a">0824019660 :</subfield><subfield code="c">$28.00</subfield></datafield><datafield ind1=" " ind2=" " tag="040"><subfield code="a">DLC</subfield><subfield code="c">DLC</subfield><subfield code="d">DLC</subfield></datafield><datafield ind1="0" ind2=" " tag="041"><subfield code="a">engmyn</subfield></datafield><datafield ind1="0" ind2="0" tag="050"><subfield code="a">PM3601</subfield><subfield code="b">.F8 1976</subfield></datafield><datafield ind1="0" ind2="0" tag="082"><subfield code="a">497/.4</subfield></datafield><datafield ind1="1" ind2="0" tag="100"><subfield code="a">Furbee-Losee, Louanna.</subfield></datafield><datafield ind1="1" ind2="4" tag="245"><subfield code="a">The correct language, Tojolabal :</subfield><subfield code="b">a grammar with ethnographic notes /</subfield><subfield code="c">Louanna Furbee-Losee.</subfield></datafield><datafield ind1="0" ind2=" " tag="260"><subfield code="a">New York :</subfield><subfield code="b">Garland Pub.,</subfield><subfield code="c">1976.</subfield></datafield><datafield ind1=" " ind2=" " tag="300"><subfield code="a">xxii, 394 p., [1] fold. leaf of plates, [2] fold. leaves :</subfield><subfield code="b">ill. ;</subfield><subfield code="c">21 cm.</subfield></datafield><datafield ind1=" " ind2="0" tag="440"><subfield code="a">Garland studies in American Indian linguistics</subfield></datafield><datafield ind1=" " ind2=" " tag="500"><subfield code="a">A slight revision of the author's thesis, University of Chicago, 1974.</subfield></datafield><datafield ind1=" " ind2=" " tag="504"><subfield code="a">Bibliography: p. 387-394.</subfield></datafield><datafield ind1=" " ind2="0" tag="650"><subfield code="a">Tojolabal language.</subfield></datafield><datafield ind1=" " ind2=" " tag="035"><subfield code="a">(TxDaGIAL)37741100012624</subfield></datafield><controlfield tag="005">20080624155011.0</controlfield><controlfield tag="001">1876</controlfield><controlfield tag="003">TxDaGIAL</controlfield><datafield ind1=" " ind2=" " tag="852"><subfield code="p">37741100012624</subfield><subfield code="a">Library</subfield><subfield code="x">COPYID:2230</subfield><subfield code="x">FSC@aRegular@c19960718</subfield><subfield code="h">497.415 F983c 1976</subfield><subfield code="z">5211</subfield></datafield></record>