
<record><leader>01052nam a2200277 i 4500</leader><controlfield tag="008">890731m19801950nyu           00010 eng d</controlfield><datafield ind1=" " ind2=" " tag="010"><subfield code="z">56058607</subfield></datafield><datafield ind1=" " ind2=" " tag="020"><subfield code="a">0832700096 (hardbound)</subfield></datafield><datafield ind1=" " ind2=" " tag="035"><subfield code="a">(CU-UC)3018677</subfield></datafield><datafield ind1=" " ind2=" " tag="040"><subfield code="a">CUS</subfield><subfield code="c">CUS</subfield><subfield code="d">TxDaGIAL</subfield></datafield><datafield ind1="0" ind2=" " tag="041"><subfield code="a">engjap</subfield></datafield><datafield ind1="1" ind2="0" tag="100"><subfield code="a">Abraham, Richard David.</subfield></datafield><datafield ind1="1" ind2="0" tag="245"><subfield code="a">Cortina's conversational Japanese :</subfield><subfield code="b">intended for self-study and for use in schools, with a simplified system of pronunciation /</subfield><subfield code="c">by Richard D. Abraham and Sannosuke Yamamoto.</subfield></datafield><datafield ind1=" " ind2=" " tag="250"><subfield code="a">7th ed., completely rev.</subfield></datafield><datafield ind1="0" ind2=" " tag="260"><subfield code="a">New York :</subfield><subfield code="b">R.D. Cortina Co.,</subfield><subfield code="c">1980, [c1963]</subfield></datafield><datafield ind1=" " ind2=" " tag="300"><subfield code="a">248 p. ;</subfield><subfield code="c">22 cm.</subfield></datafield><datafield ind1=" " ind2=" " tag="500"><subfield code="a">Published in 1950 under title: Japanese conversaphone.</subfield></datafield><datafield ind1=" " ind2=" " tag="546"><subfield code="a">English.</subfield></datafield><datafield ind1=" " ind2="0" tag="650"><subfield code="a">Japanese language</subfield><subfield code="v">Conversation and phrase books.</subfield></datafield><datafield ind1="1" ind2="0" tag="700"><subfield code="a">Yamamoto, Sannosuke.</subfield></datafield><datafield ind1="0" ind2="1" tag="740"><subfield code="a">Conversational Japanese.</subfield></datafield><datafield ind1=" " ind2=" " tag="035"><subfield code="a">(TxDaGIAL)37741100015360</subfield></datafield><controlfield tag="005">20080624155011.0</controlfield><controlfield tag="001">1878</controlfield><controlfield tag="003">TxDaGIAL</controlfield><datafield ind1=" " ind2=" " tag="852"><subfield code="p">37741100015360</subfield><subfield code="a">Library</subfield><subfield code="x">COPYID:2232</subfield><subfield code="x">FSC@aRegular@c19970224</subfield><subfield code="h">495.6824 C829a 1980</subfield><subfield code="z">12580</subfield></datafield></record>