
<record><leader>01244cam a2200313 a 4500</leader><controlfield tag="008">910510s1990    ec            00010 spa  </controlfield><datafield ind1=" " ind2=" " tag="010"><subfield code="a">   91151786 //r942</subfield></datafield><datafield ind1=" " ind2=" " tag="040"><subfield code="a">DLC</subfield><subfield code="c">DLC</subfield><subfield code="d">DLC</subfield></datafield><datafield ind1="0" ind2=" " tag="041"><subfield code="a">spaengsai</subfield></datafield><datafield ind1=" " ind2=" " tag="043"><subfield code="a">s-ec---</subfield></datafield><datafield ind1="0" ind2="0" tag="050"><subfield code="a">F3722.1.C67</subfield><subfield code="b">B67 1990</subfield></datafield><datafield ind1="0" ind2="0" tag="082"><subfield code="a">299/.82</subfield><subfield code="2">20</subfield></datafield><datafield ind1="1" ind2="0" tag="100"><subfield code="a">Borman, M. B.</subfield></datafield><datafield ind1="1" ind2="3" tag="245"><subfield code="a">La cosmolog&#237;a y la percepci&#243;n hist&#243;rica de los cofanes de acuerdo a sus leyendas /</subfield><subfield code="c">M.B. Borman ; con 26 leyendas narradas por Enrique Criollo = Cofan cosmology and history as revealed in their legends / M.B. Borman ;  with 26 legends narrated by Enrique Criollo.</subfield></datafield><datafield ind1=" " ind2=" " tag="250"><subfield code="a">1. ed.</subfield></datafield><datafield ind1="0" ind2=" " tag="260"><subfield code="a">Quito, Ecuador :</subfield><subfield code="b">Instituto Ling&#252;&#237;stico de Verano,</subfield><subfield code="c">1990.</subfield></datafield><datafield ind1=" " ind2=" " tag="300"><subfield code="a">430 p. ;</subfield><subfield code="c">29 cm.</subfield></datafield><datafield ind1=" " ind2="0" tag="440"><subfield code="a">Cuadernos etnoling&#252;&#237;sticos ;</subfield><subfield code="v">no. 10</subfield></datafield><datafield ind1=" " ind2=" " tag="500"><subfield code="a">Spanish, English, and Cof&#225;n.</subfield></datafield><datafield ind1=" " ind2="0" tag="650"><subfield code="a">Cof&#225;n Indians</subfield><subfield code="v">Folklore.</subfield></datafield><datafield ind1=" " ind2="0" tag="650"><subfield code="a">Cof&#225;n mythology.</subfield></datafield><datafield ind1=" " ind2="0" tag="650"><subfield code="a">Cof&#225;n language</subfield><subfield code="v">Texts.</subfield></datafield><datafield ind1="1" ind2="0" tag="700"><subfield code="a">Criollo, Enrique.</subfield></datafield><datafield ind1="0" ind2="1" tag="740"><subfield code="a">Cofan cosmology and history as revealed in their legends.</subfield></datafield><datafield ind1=" " ind2=" " tag="035"><subfield code="a">(TxDaGIAL)37741100000855</subfield></datafield><controlfield tag="005">20080624155011.0</controlfield><controlfield tag="001">1880</controlfield><controlfield tag="003">TxDaGIAL</controlfield><datafield ind1=" " ind2=" " tag="852"><subfield code="p">37741100000855</subfield><subfield code="a">Library</subfield><subfield code="x">COPYID:2234</subfield><subfield code="x">FSC@aRegular@c19941230</subfield><subfield code="h">299.82 B735c 1990</subfield><subfield code="z">12-12-90</subfield></datafield></record>