
<record><leader>00757cam a2200229 a 4500</leader><controlfield tag="008">841022s1978    ii            00110 eng d</controlfield><datafield ind1=" " ind2=" " tag="020"><subfield code="c">Rs17.50</subfield></datafield><datafield ind1=" " ind2=" " tag="035"><subfield code="a">(CU-UC)dlaisn1882500</subfield></datafield><datafield ind1="1" ind2="0" tag="100"><subfield code="a">Shaikh, Shafi.</subfield></datafield><datafield ind1="1" ind2="2" tag="245"><subfield code="a">A course in spoken Arabic /</subfield><subfield code="c">Shafi Shaikh.</subfield></datafield><datafield ind1="0" ind2=" " tag="260"><subfield code="a">Bombay :</subfield><subfield code="b">Oxford University Press,</subfield><subfield code="c">1978.</subfield></datafield><datafield ind1=" " ind2=" " tag="300"><subfield code="a">viii, 125 p. ;</subfield><subfield code="c">22 cm.</subfield></datafield><datafield ind1=" " ind2=" " tag="500"><subfield code="a">Includes index.</subfield></datafield><datafield ind1=" " ind2=" " tag="546"><subfield code="a">English.</subfield></datafield><datafield ind1=" " ind2="0" tag="650"><subfield code="a">Arabic language</subfield><subfield code="x">Self-instruction.</subfield></datafield><datafield ind1=" " ind2="0" tag="650"><subfield code="a">Arabic language</subfield><subfield code="x">Spoken Arabic.</subfield></datafield><datafield ind1=" " ind2="0" tag="650"><subfield code="a">Arabic language</subfield><subfield code="x">Text-books for foreigners.</subfield></datafield><datafield ind1=" " ind2=" " tag="035"><subfield code="a">(TxDaGIAL)37741100014649</subfield></datafield><controlfield tag="005">20080624155016.0</controlfield><controlfield tag="001">1897</controlfield><controlfield tag="003">TxDaGIAL</controlfield><datafield ind1=" " ind2=" " tag="852"><subfield code="p">37741100014649</subfield><subfield code="a">Library</subfield><subfield code="x">COPYID:2253</subfield><subfield code="x">FSC@aRegular@c19970124</subfield><subfield code="h">492.783421 S526c 1979</subfield><subfield code="z">6713</subfield></datafield></record>