
<record><leader>00935cam a2200277 i 4500</leader><controlfield tag="008">790719s1978    at       b    00010 eng  </controlfield><datafield ind1=" " ind2=" " tag="010"><subfield code="a">   79309077 //r94</subfield></datafield><datafield ind1=" " ind2=" " tag="015"><subfield code="a">Aus***</subfield></datafield><datafield ind1=" " ind2=" " tag="020"><subfield code="a">0858831627</subfield></datafield><datafield ind1=" " ind2=" " tag="040"><subfield code="a">DLC</subfield><subfield code="c">DLC</subfield><subfield code="d">DLC</subfield></datafield><datafield ind1="0" ind2=" " tag="041"><subfield code="a">engvie</subfield></datafield><datafield ind1="0" ind2="0" tag="050"><subfield code="a">PL4373</subfield><subfield code="b">.C55</subfield></datafield><datafield ind1="0" ind2="0" tag="082"><subfield code="a">495.9/22/5</subfield></datafield><datafield ind1="1" ind2="0" tag="100"><subfield code="a">Clark, Marybeth.</subfield></datafield><datafield ind1="1" ind2="0" tag="245"><subfield code="a">Coverbs and case in Vietnamese /</subfield><subfield code="c">by Marybeth Clark.</subfield></datafield><datafield ind1="0" ind2=" " tag="260"><subfield code="a">Canberra :</subfield><subfield code="b">Department of Linguistics, Research School of Pacific Studies, Australian National University,</subfield><subfield code="c">1978.</subfield></datafield><datafield ind1=" " ind2=" " tag="300"><subfield code="a">xi, 215 p. ;</subfield><subfield code="c">25 cm.</subfield></datafield><datafield ind1=" " ind2="0" tag="440"><subfield code="a">Pacific linguistics.</subfield><subfield code="n">Series B</subfield></datafield><datafield ind1=" " ind2=" " tag="504"><subfield code="a">Bibliography: p. 205-215.</subfield></datafield><datafield ind1=" " ind2="0" tag="650"><subfield code="a">Vietnamese language</subfield><subfield code="x">Verb phrase.</subfield></datafield><datafield ind1=" " ind2="0" tag="650"><subfield code="a">Vietnamese language</subfield><subfield code="x">Case.</subfield></datafield><datafield ind1=" " ind2=" " tag="035"><subfield code="a">(TxDaGIAL)37741100009384</subfield></datafield><controlfield tag="005">20080624155016.0</controlfield><controlfield tag="001">1900</controlfield><controlfield tag="003">TxDaGIAL</controlfield><datafield ind1=" " ind2=" " tag="852"><subfield code="p">37741100009384</subfield><subfield code="a">Library</subfield><subfield code="x">COPYID:2256</subfield><subfield code="x">FSC@aRegular@c19951108</subfield><subfield code="h">495.9225 C599c 1978</subfield><subfield code="z">5321</subfield></datafield></record>