
<record><leader>00946cam a2200289 i 4500</leader><controlfield tag="008">790323s1979    nyua     b    00110 eng  </controlfield><datafield ind1=" " ind2=" " tag="010"><subfield code="a">   79011978</subfield></datafield><datafield ind1=" " ind2=" " tag="020"><subfield code="a">030640236X</subfield></datafield><datafield ind1=" " ind2=" " tag="040"><subfield code="a">DLC</subfield><subfield code="c">DLC</subfield></datafield><datafield ind1="0" ind2=" " tag="050"><subfield code="a">RC514</subfield><subfield code="b">.R56</subfield></datafield><datafield ind1=" " ind2=" " tag="060"><subfield code="a">WM203.3 R676c</subfield></datafield><datafield ind1=" " ind2=" " tag="082"><subfield code="a">616.8/982</subfield></datafield><datafield ind1="1" ind2="0" tag="100"><subfield code="a">Rochester, Sherry.</subfield></datafield><datafield ind1="1" ind2="0" tag="245"><subfield code="a">Crazy talk :</subfield><subfield code="b">a study of the discourse of schizophrenic speakers /</subfield><subfield code="c">Sherry Rochester and J. R. Martin.</subfield></datafield><datafield ind1="0" ind2=" " tag="260"><subfield code="a">New York :</subfield><subfield code="b">Plenum Press,</subfield><subfield code="c">c1979.</subfield></datafield><datafield ind1=" " ind2=" " tag="300"><subfield code="a">xii, 229 p. :</subfield><subfield code="b">ill. ;</subfield><subfield code="c">24 cm.</subfield></datafield><datafield ind1=" " ind2="0" tag="440"><subfield code="a">Cognition and language</subfield></datafield><datafield ind1=" " ind2=" " tag="504"><subfield code="a">Bibliography: p. 209-221.</subfield></datafield><datafield ind1=" " ind2=" " tag="500"><subfield code="a">Includes index.</subfield></datafield><datafield ind1=" " ind2="0" tag="650"><subfield code="a">Schizophrenics</subfield><subfield code="x">Language.</subfield></datafield><datafield ind1=" " ind2="2" tag="650"><subfield code="a">Schizophrenic language.</subfield></datafield><datafield ind1="1" ind2="0" tag="700"><subfield code="a">Martin, J. R.,</subfield><subfield code="e">joint author.</subfield></datafield><datafield ind1=" " ind2=" " tag="035"><subfield code="a">(TxDaGIAL)37741100005427</subfield></datafield><controlfield tag="005">20080624155019.0</controlfield><controlfield tag="001">1910</controlfield><controlfield tag="003">TxDaGIAL</controlfield><datafield ind1=" " ind2=" " tag="852"><subfield code="p">37741100005427</subfield><subfield code="a">Library</subfield><subfield code="x">COPYID:2266</subfield><subfield code="x">FSC@aRegular@c19950701</subfield><subfield code="h">616.8982 R676c 1979</subfield><subfield code="z">9451</subfield></datafield></record>