
<record><leader>00849cam a2200229Ia 4500</leader><controlfield tag="008">861230s1948    onc           00110 eng d</controlfield><datafield ind1=" " ind2=" " tag="035"><subfield code="a">(CU-UC)3283619</subfield></datafield><datafield ind1=" " ind2=" " tag="040"><subfield code="a">CLU</subfield><subfield code="c">CLU</subfield><subfield code="d">DGU</subfield><subfield code="d">CU-Riv</subfield></datafield><datafield ind1="0" ind2=" " tag="041"><subfield code="a">engcre</subfield></datafield><datafield ind1="1" ind2="0" tag="100"><subfield code="a">Hives, H. E.</subfield></datafield><datafield ind1="1" ind2="2" tag="245"><subfield code="a">A Cree grammar :</subfield><subfield code="b">being a simplified approach to the study of the language of the Cree Indians of Canada /</subfield><subfield code="c">by H.E. Hives.</subfield></datafield><datafield ind1="0" ind2=" " tag="260"><subfield code="a">Toronto :</subfield><subfield code="b">Published by the authority of The Missionary Society of the Church of England in Canada,</subfield><subfield code="c">1948.</subfield></datafield><datafield ind1=" " ind2=" " tag="300"><subfield code="a">102 p. ;</subfield><subfield code="c">23 cm.</subfield></datafield><datafield ind1=" " ind2=" " tag="500"><subfield code="a">Includes index.</subfield></datafield><datafield ind1=" " ind2=" " tag="546"><subfield code="a">English.</subfield></datafield><datafield ind1=" " ind2="0" tag="650"><subfield code="a">Cree language</subfield><subfield code="x">Grammar.</subfield></datafield><datafield ind1=" " ind2="0" tag="650"><subfield code="a">Algonquian languages</subfield><subfield code="x">Grammar.</subfield></datafield><datafield ind1=" " ind2=" " tag="035"><subfield code="a">(TxDaGIAL)37741100016199</subfield></datafield><controlfield tag="005">20080624155021.0</controlfield><controlfield tag="001">1920</controlfield><controlfield tag="003">TxDaGIAL</controlfield><datafield ind1=" " ind2=" " tag="852"><subfield code="p">37741100016199</subfield><subfield code="a">Library</subfield><subfield code="x">COPYID:2276</subfield><subfield code="x">FSC@aRegular@c19970325</subfield><subfield code="h">497.33 H676c 1948</subfield><subfield code="z">1757</subfield></datafield></record>