
<record><leader>01022nam a2200277 a 4500</leader><controlfield tag="008">920402s1991    ne       b    000 0 eng  </controlfield><datafield ind1=" " ind2=" " tag="010"><subfield code="a">   92141519</subfield></datafield><datafield ind1=" " ind2=" " tag="020"><subfield code="a">9067180289</subfield></datafield><datafield ind1=" " ind2=" " tag="040"><subfield code="a">DLC</subfield><subfield code="c">DLC</subfield><subfield code="d">TxDaGIAL</subfield></datafield><datafield ind1=" " ind2=" " tag="043"><subfield code="a">a-io---</subfield></datafield><datafield ind1="0" ind2="0" tag="050"><subfield code="a">Z7071.5</subfield><subfield code="b">.N66 1991</subfield><subfield code="a">PL5079</subfield></datafield><datafield ind1="0" ind2="0" tag="082"><subfield code="a">499/.2217</subfield><subfield code="2">20</subfield></datafield><datafield ind1="1" ind2=" " tag="100"><subfield code="a">Noorduyn, J.</subfield></datafield><datafield ind1="1" ind2="2" tag="245"><subfield code="a">A critical survey of studies on the languages of Sulawesi /</subfield><subfield code="c">J. Noorduyn.</subfield></datafield><datafield ind1=" " ind2=" " tag="260"><subfield code="a">Leiden :</subfield><subfield code="b">KITLV Press,</subfield><subfield code="c">1991.</subfield></datafield><datafield ind1=" " ind2=" " tag="300"><subfield code="a">x, 245 p. ;</subfield><subfield code="c">24 cm.</subfield></datafield><datafield ind1=" " ind2="0" tag="440"><subfield code="a">Bibliographical series / Koninklijk Instituut voor Taal-, Land- en Volkenkunde,</subfield><subfield code="x">0074-0462 ;</subfield><subfield code="v">18</subfield></datafield><datafield ind1=" " ind2=" " tag="500"><subfield code="a">Ne91-32.</subfield></datafield><datafield ind1=" " ind2=" " tag="500"><subfield code="a">Spine title: The languages of Sulawesi.</subfield></datafield><datafield ind1=" " ind2="0" tag="650"><subfield code="a">Indonesian language</subfield><subfield code="x">Dialects</subfield><subfield code="z">Indonesia</subfield><subfield code="z">Sulawesi Selatan</subfield><subfield code="v">Bibliography.</subfield></datafield><datafield ind1="4" ind2="1" tag="740"><subfield code="a">The languages of Sulawesi.</subfield></datafield><datafield ind1=" " ind2=" " tag="035"><subfield code="a">(TxDaGIAL)37741100011437</subfield></datafield><controlfield tag="005">20080624155027.0</controlfield><controlfield tag="001">1948</controlfield><controlfield tag="003">TxDaGIAL</controlfield><datafield ind1=" " ind2=" " tag="852"><subfield code="p">37741100011437</subfield><subfield code="a">Library</subfield><subfield code="9">$29.50</subfield><subfield code="x">COPYID:2310</subfield><subfield code="x">FSC@aRegular@c19960515</subfield><subfield code="h">016.95984 N833c 1991</subfield><subfield code="z">Cellar 2-93</subfield></datafield></record>