
<record><leader>01263nam a2200313 a 4500</leader><controlfield tag="008">880906s1964    ne       b    00110 eng  </controlfield><datafield ind1=" " ind2=" " tag="010"><subfield code="a">   88181841</subfield></datafield><datafield ind1=" " ind2=" " tag="040"><subfield code="a">DLC</subfield><subfield code="c">DLC</subfield><subfield code="d">DLC</subfield></datafield><datafield ind1=" " ind2=" " tag="043"><subfield code="a">a-io---</subfield></datafield><datafield ind1="0" ind2="0" tag="050"><subfield code="a">PL5164</subfield><subfield code="b">.U47 1964</subfield></datafield><datafield ind1="0" ind2="0" tag="082"><subfield code="a">499/.222/071</subfield><subfield code="2">20</subfield></datafield><datafield ind1="1" ind2="0" tag="100"><subfield code="a">Uhlenbeck, E. M.,</subfield><subfield code="d">1913-</subfield></datafield><datafield ind1="1" ind2="2" tag="245"><subfield code="a">A critical survey of studies on the languages of Java and Madura /</subfield><subfield code="c">E.M. Uhlenbeck.</subfield></datafield><datafield ind1="0" ind2=" " tag="260"><subfield code="a">'s-Gravenhage :</subfield><subfield code="b">Martinus Nijhoff,</subfield><subfield code="c">1964.</subfield></datafield><datafield ind1=" " ind2=" " tag="300"><subfield code="a">viii, 207 p. :</subfield><subfield code="b">1 folded map ;</subfield><subfield code="c">23 cm.</subfield></datafield><datafield ind1="1" ind2=" " tag="490"><subfield code="a">Bibliographical series / Koninklijk Instituut voor Taal-, Land- en Volkenkunde ;</subfield><subfield code="v">7</subfield></datafield><datafield ind1=" " ind2=" " tag="504"><subfield code="a">Includes bibliographies and index.</subfield></datafield><datafield ind1=" " ind2=" " tag="500"><subfield code="a">Cover title: The languages of Java and Madura.</subfield></datafield><datafield ind1=" " ind2="0" tag="650"><subfield code="a">Javanese language</subfield><subfield code="x">History.</subfield></datafield><datafield ind1=" " ind2="0" tag="650"><subfield code="a">Madurese language</subfield><subfield code="x">History.</subfield></datafield><datafield ind1=" " ind2="0" tag="650"><subfield code="a">Sundanese language</subfield><subfield code="x">History.</subfield></datafield><datafield ind1=" " ind2="0" tag="650"><subfield code="a">Kawi literature</subfield><subfield code="x">History and criticism.</subfield></datafield><datafield ind1="4" ind2="1" tag="740"><subfield code="a">The languages of Java and Madura.</subfield></datafield><datafield ind1=" " ind2="0" tag="830"><subfield code="a">Bibliographical series (Koninklijk Instituut voor Taal-, Land- en Volkenkunde (Metherlands)) ;</subfield><subfield code="v">7.</subfield></datafield><datafield ind1=" " ind2=" " tag="035"><subfield code="a">(TxDaGIAL)37741100012347</subfield></datafield><controlfield tag="005">20080624155027.0</controlfield><controlfield tag="001">1949</controlfield><controlfield tag="003">TxDaGIAL</controlfield><datafield ind1=" " ind2=" " tag="852"><subfield code="p">37741100012347</subfield><subfield code="a">Library</subfield><subfield code="x">COPYID:2311</subfield><subfield code="x">FSC@aRegular@c19960708</subfield><subfield code="h">499.222071 U31c 1964</subfield><subfield code="z">5306</subfield></datafield></record>