
<record><leader>00818nam a2200229 a 4500</leader><controlfield tag="008">690927s1942    cau           000 0 eng  </controlfield><datafield ind1=" " ind2=" " tag="010"><subfield code="a">a  42000287</subfield></datafield><datafield ind1=" " ind2=" " tag="035"><subfield code="a">(CU-UC)2578146</subfield></datafield><datafield ind1=" " ind2=" " tag="040"><subfield code="a">DLC</subfield><subfield code="c">DLC</subfield><subfield code="d">CU-SC</subfield></datafield><datafield ind1="1" ind2=" " tag="100"><subfield code="a">Lowie, Robert Harry,</subfield><subfield code="d">1883-1957.</subfield></datafield><datafield ind1="1" ind2="4" tag="245"><subfield code="a">The Crow language :</subfield><subfield code="b">grammatical sketch and analyzed text /</subfield><subfield code="c">by Robert H. Lowie.</subfield></datafield><datafield ind1=" " ind2=" " tag="260"><subfield code="a">Berkeley :</subfield><subfield code="b">University of California Press,</subfield><subfield code="c">1942.</subfield></datafield><datafield ind1=" " ind2=" " tag="300"><subfield code="a">v, 141 p.</subfield></datafield><datafield ind1=" " ind2=" " tag="490"><subfield code="a">University of California publications in American archaeology and ethnology, v. 39, no. 1</subfield></datafield><datafield ind1=" " ind2=" " tag="546"><subfield code="a">English.</subfield></datafield><datafield ind1=" " ind2="0" tag="650"><subfield code="a">Crow language.</subfield></datafield><datafield ind1=" " ind2="0" tag="650"><subfield code="a">Crow language</subfield><subfield code="v">Texts.</subfield></datafield><datafield ind1=" " ind2=" " tag="035"><subfield code="a">(TxDaGIAL)37741100016250</subfield></datafield><controlfield tag="005">20080624155038.0</controlfield><controlfield tag="001">1980</controlfield><controlfield tag="003">TxDaGIAL</controlfield><datafield ind1=" " ind2=" " tag="852"><subfield code="p">37741100016250</subfield><subfield code="a">Library</subfield><subfield code="x">COPYID:2346</subfield><subfield code="x">FSC@aRegular@c19970328</subfield><subfield code="h">497.52 L918c 1942</subfield><subfield code="z">297</subfield></datafield></record>