
<record><leader>00860cam a2200241 i 4500</leader><controlfield tag="008">781017s1978    ilu      b    00000 eng  </controlfield><datafield ind1=" " ind2=" " tag="010"><subfield code="a">   78023880 //r802</subfield></datafield><datafield ind1=" " ind2=" " tag="040"><subfield code="a">DLC</subfield><subfield code="c">DLC</subfield></datafield><datafield ind1="0" ind2=" " tag="050"><subfield code="a">PM1001.Z77</subfield><subfield code="b">C76</subfield></datafield><datafield ind1=" " ind2=" " tag="082"><subfield code="a">497/.5</subfield></datafield><datafield ind1="0" ind2="0" tag="245"><subfield code="a">Crow texts /</subfield><subfield code="c">edited by Dorothea V. Kaschube.</subfield></datafield><datafield ind1="0" ind2=" " tag="260"><subfield code="a">[Chicago] :</subfield><subfield code="b">University of Chicago Press ;</subfield><subfield code="a">Ann Arbor, Mich. :</subfield><subfield code="b">produced and distributed by University Microfilms International,</subfield><subfield code="c">c1978.</subfield></datafield><datafield ind1=" " ind2=" " tag="300"><subfield code="a">122 p. ;</subfield><subfield code="c">25 cm.</subfield></datafield><datafield ind1=" " ind2="0" tag="440"><subfield code="a">IJAL-NATS monograph ;</subfield><subfield code="v">no. 2</subfield></datafield><datafield ind1=" " ind2="0" tag="440"><subfield code="a">Monograph publishing.</subfield><subfield code="p">Imprint series.</subfield></datafield><datafield ind1=" " ind2=" " tag="504"><subfield code="a">Bibliography: p. 122.</subfield></datafield><datafield ind1=" " ind2="0" tag="650"><subfield code="a">Crow language</subfield><subfield code="v">Texts.</subfield></datafield><datafield ind1="1" ind2="0" tag="700"><subfield code="a">Kaschube, Dorothea V.</subfield></datafield><datafield ind1=" " ind2=" " tag="035"><subfield code="a">(TxDaGIAL)37741100007112</subfield></datafield><controlfield tag="005">20080624155038.0</controlfield><controlfield tag="001">1981</controlfield><controlfield tag="003">TxDaGIAL</controlfield><datafield ind1=" " ind2=" " tag="852"><subfield code="p">37741100007112</subfield><subfield code="a">Library</subfield><subfield code="x">COPYID:2347</subfield><subfield code="x">FSC@aRegular@c19950822</subfield><subfield code="h">497.52 C953k 1978</subfield></datafield></record>