
<record><leader>01192nam a2200241 a 4500</leader><controlfield tag="008">860319s1985    inua     b    00000 eng d</controlfield><datafield ind1=" " ind2=" " tag="035"><subfield code="a">(CU-UC)dlaisn2703527</subfield></datafield><datafield ind1=" " ind2=" " tag="040"><subfield code="a">MiU</subfield><subfield code="c">MiU</subfield><subfield code="d">IaU</subfield><subfield code="d">CU-SB</subfield></datafield><datafield ind1="0" ind2="0" tag="245"><subfield code="a">Current issues in Hispanic phonology and morphology /</subfield><subfield code="c">edited by Frank H. Nuessel, Jr.</subfield></datafield><datafield ind1="0" ind2=" " tag="260"><subfield code="a">Bloomington, Ind. :</subfield><subfield code="b">Reproduced by the Indiana University Linguistics Club,</subfield><subfield code="c">c1985.</subfield></datafield><datafield ind1=" " ind2=" " tag="300"><subfield code="a">vi, 76 p. :</subfield><subfield code="b">ill. ;</subfield><subfield code="c">29 cm.</subfield></datafield><datafield ind1=" " ind2=" " tag="504"><subfield code="a">Includes bibliographies.</subfield></datafield><datafield ind1="0" ind2=" " tag="505"><subfield code="a">Trying to make the data stand still / by Mary L. Clayton -- Spanish exocentric compounds / by Heles Contreras -- Variable rules in Caribbean Spanish and the Organization of phonology / by Jorge M. Guitart -- Spanish word markers / by James W. Harris -- Stress assignment in Spanish verb forms / by Rafael A. N&#250;nez-Cede&#241;o.</subfield></datafield><datafield ind1=" " ind2=" " tag="546"><subfield code="a">English.</subfield></datafield><datafield ind1=" " ind2="0" tag="650"><subfield code="a">Spanish language</subfield><subfield code="x">Phonology.</subfield></datafield><datafield ind1=" " ind2="0" tag="650"><subfield code="a">Spanish language</subfield><subfield code="x">Morphology.</subfield></datafield><datafield ind1="1" ind2="0" tag="700"><subfield code="a">Nuessel, Frank H.</subfield></datafield><datafield ind1="2" ind2="0" tag="710"><subfield code="a">Indiana University Linguistics Club.</subfield></datafield><datafield ind1=" " ind2=" " tag="035"><subfield code="a">(TxDaGIAL)37741100014262</subfield></datafield><controlfield tag="005">20080624155108.0</controlfield><controlfield tag="001">2083</controlfield><controlfield tag="003">TxDaGIAL</controlfield><datafield ind1=" " ind2=" " tag="852"><subfield code="p">37741100014262</subfield><subfield code="a">Library</subfield><subfield code="x">COPYID:2475</subfield><subfield code="x">FSC@aRegular@c19961217</subfield><subfield code="h">465 N964c 1985</subfield><subfield code="z">11534</subfield></datafield></record>