
<record><leader>00884cam a2200229 i 4500</leader><controlfield tag="008">840116m1976    mx a          000 0 spa  </controlfield><datafield ind1="1" ind2=" " tag="041"><subfield code="a">spanah</subfield></datafield><datafield ind1=" " ind2=" " tag="043"><subfield code="a">n-mx---</subfield></datafield><datafield ind1="0" ind2="0" tag="082"><subfield code="a">497/.4</subfield><subfield code="2">19</subfield></datafield><datafield ind1="1" ind2="0" tag="100"><subfield code="a">Beller N., Ricardo.</subfield></datafield><datafield ind1="1" ind2="0" tag="245"><subfield code="a">Curso del n&#225;huatl moderno :</subfield><subfield code="b">n&#225;huatl de la Huasteca, vol. 1 /</subfield><subfield code="c">Ricardo Beller N., Patricia Cowan de Beller.</subfield></datafield><datafield ind1="0" ind2=" " tag="260"><subfield code="a">M&#233;xico, D.F. :</subfield><subfield code="b">Instituto Ling&#252;&#237;stico de Verano,</subfield><subfield code="c">1976.</subfield></datafield><datafield ind1=" " ind2=" " tag="300"><subfield code="a">vii, 184 p. :</subfield><subfield code="b">ill. ;</subfield><subfield code="c">27 cm.</subfield></datafield><datafield ind1=" " ind2="0" tag="650"><subfield code="a">Nahuatl language</subfield><subfield code="v">Textbooks for foreign speakers</subfield><subfield code="x">Spanish.</subfield></datafield><datafield ind1=" " ind2="0" tag="650"><subfield code="a">Nahuatl language</subfield><subfield code="x">Dialects</subfield><subfield code="z">Mexico</subfield><subfield code="z">Huasteca Region.</subfield></datafield><datafield ind1="1" ind2="0" tag="700"><subfield code="a">Cowan de Beller, Patricia.</subfield></datafield><datafield ind1="2" ind2="0" tag="710"><subfield code="a">Summer Institute of Linguistics.</subfield></datafield><datafield ind1=" " ind2=" " tag="035"><subfield code="a">(TxDaGIAL)37741100016213</subfield></datafield><controlfield tag="005">20080624155112.0</controlfield><controlfield tag="001">2099</controlfield><controlfield tag="003">TxDaGIAL</controlfield><datafield ind1=" " ind2=" " tag="852"><subfield code="p">37741100016213</subfield><subfield code="a">Library</subfield><subfield code="x">COPYID:2494</subfield><subfield code="x">FSC@aRegular@c19970325</subfield><subfield code="h">497.452 B438c 1976</subfield><subfield code="z">12569</subfield></datafield></record>