
<record><leader>01077cam a2200265 i 4500</leader><controlfield tag="008">751201r19761941nyu           00010 eng  </controlfield><datafield ind1=" " ind2=" " tag="010"><subfield code="a">   74007942 //r87</subfield></datafield><datafield ind1=" " ind2=" " tag="020"><subfield code="a">0404118291</subfield></datafield><datafield ind1=" " ind2=" " tag="040"><subfield code="a">DLC</subfield><subfield code="c">DLC</subfield></datafield><datafield ind1="0" ind2=" " tag="050"><subfield code="a">PM1022</subfield><subfield code="b">.B6 1976</subfield></datafield><datafield ind1=" " ind2=" " tag="082"><subfield code="a">497/.5</subfield></datafield><datafield ind1="1" ind2="0" tag="100"><subfield code="a">Boas, Franz,</subfield><subfield code="d">1858-1942.</subfield></datafield><datafield ind1="1" ind2="0" tag="245"><subfield code="a">Dakota grammar /</subfield><subfield code="c">by Franz Boas and Ella Deloria.</subfield></datafield><datafield ind1="0" ind2=" " tag="260"><subfield code="a">New York :</subfield><subfield code="b">AMS Press,</subfield><subfield code="c">1976.</subfield></datafield><datafield ind1=" " ind2=" " tag="300"><subfield code="a">xii, 183 p. ;</subfield><subfield code="c">29 cm.</subfield></datafield><datafield ind1=" " ind2=" " tag="500"><subfield code="a">"Presented to the Academy at the annual meeting, 1939."</subfield></datafield><datafield ind1=" " ind2=" " tag="500"><subfield code="a">Reprint of the 1941 ed. published by the U.S. Govt. Print. Off., Washington, as 2d memoir, v. 23 in Memoirs of the National Academy of Sciences.</subfield></datafield><datafield ind1=" " ind2="0" tag="650"><subfield code="a">Dakota language</subfield><subfield code="x">Grammar.</subfield></datafield><datafield ind1="1" ind2="0" tag="700"><subfield code="a">Deloria, Ella Cara,</subfield><subfield code="e">joint author.</subfield></datafield><datafield ind1="2" ind2=" " tag="810"><subfield code="a">National Academy of Sciences, Washington, D.C.</subfield><subfield code="t">Memoirs of the National Academy of Sciences ;</subfield><subfield code="v">v. 23, 2d memoir.</subfield></datafield><datafield ind1=" " ind2=" " tag="035"><subfield code="a">(TxDaGIAL)37741100007109</subfield></datafield><controlfield tag="005">20080624155113.0</controlfield><controlfield tag="001">2108</controlfield><controlfield tag="003">TxDaGIAL</controlfield><datafield ind1=" " ind2=" " tag="852"><subfield code="p">37741100007109</subfield><subfield code="a">Library</subfield><subfield code="x">COPYID:2504</subfield><subfield code="x">FSC@aRegular@c19950822</subfield><subfield code="h">497.52 B662d 1976</subfield><subfield code="z">5206</subfield></datafield></record>