
<record><leader>00906nam a2200253 i 4500</leader><controlfield tag="008">770524s1975    np       bd   00010 eng  </controlfield><datafield ind1=" " ind2=" " tag="010"><subfield code="a">   76904757</subfield></datafield><datafield ind1=" " ind2=" " tag="020"><subfield code="c">Rs20.00</subfield></datafield><datafield ind1=" " ind2=" " tag="040"><subfield code="a">DLC</subfield><subfield code="c">DLC</subfield></datafield><datafield ind1="0" ind2=" " tag="050"><subfield code="a">PK1835.4</subfield><subfield code="b">.K58</subfield></datafield><datafield ind1=" " ind2=" " tag="082"><subfield code="a">491/.49</subfield></datafield><datafield ind1="1" ind2="0" tag="100"><subfield code="a">Kotapish, Carl.</subfield></datafield><datafield ind1="1" ind2="2" tag="245"><subfield code="a">A Darai-English, English-Darai glossary /</subfield><subfield code="c">Carl and Sharon Kotapish.</subfield></datafield><datafield ind1="0" ind2=" " tag="260"><subfield code="a">[Kathmandu :</subfield><subfield code="b">Summer Institute of Linguistics, Institute of Nepal and Asian Studies, Tribhuvan University],</subfield><subfield code="c">1975.</subfield></datafield><datafield ind1=" " ind2=" " tag="300"><subfield code="a">xi, 152 p. ;</subfield><subfield code="c">23 cm.</subfield></datafield><datafield ind1=" " ind2=" " tag="504"><subfield code="a">Bibliography: p. 151-152.</subfield></datafield><datafield ind1=" " ind2="0" tag="650"><subfield code="a">Darai language</subfield><subfield code="v">Dictionaries</subfield><subfield code="x">English.</subfield></datafield><datafield ind1=" " ind2="0" tag="650"><subfield code="a">English language</subfield><subfield code="v">Dictionaries</subfield><subfield code="x">Darai.</subfield></datafield><datafield ind1="1" ind2="0" tag="700"><subfield code="a">Kotapish, Sharon,</subfield><subfield code="e">joint author.</subfield></datafield><datafield ind1=" " ind2=" " tag="035"><subfield code="a">(TxDaGIAL)37741100007036</subfield></datafield><controlfield tag="005">20080624155115.0</controlfield><controlfield tag="001">2115</controlfield><controlfield tag="003">TxDaGIAL</controlfield><datafield ind1=" " ind2=" " tag="852"><subfield code="p">37741100007036</subfield><subfield code="a">Library</subfield><subfield code="x">COPYID:2512</subfield><subfield code="x">FSC@aRegular@c19950822</subfield><subfield code="h">491.49 K87d 1975</subfield><subfield code="z">9715</subfield></datafield></record>