
<record><leader>00844nam a2200241   4500</leader><controlfield tag="008">760727s1973    np       b    00010 eng  </controlfield><datafield ind1=" " ind2=" " tag="010"><subfield code="a">   74900189 /SA</subfield></datafield><datafield ind1=" " ind2=" " tag="020"><subfield code="c">Rs15.00</subfield></datafield><datafield ind1=" " ind2=" " tag="040"><subfield code="a">DLC</subfield><subfield code="c">DLC</subfield><subfield code="d">TxDaGIAL</subfield></datafield><datafield ind1="0" ind2=" " tag="050"><subfield code="a">PK1835.1</subfield><subfield code="b">.K6</subfield></datafield><datafield ind1=" " ind2=" " tag="082"><subfield code="a">491/.49</subfield></datafield><datafield ind1="1" ind2="0" tag="100"><subfield code="a">Kotapish, Carl.</subfield></datafield><datafield ind1="1" ind2="0" tag="245"><subfield code="a">Darai phonemic summary /</subfield><subfield code="c">Carl Kotapish [and] Sharon Kotapish.</subfield></datafield><datafield ind1="0" ind2=" " tag="260"><subfield code="a">Kathmandu :</subfield><subfield code="b">Summer Institute of Linquistics [and] Institute of Nepal and Asian Studies, Tribhuvan University,</subfield><subfield code="c">1973.</subfield></datafield><datafield ind1=" " ind2=" " tag="300"><subfield code="a">viii, 56 p. ;</subfield><subfield code="c">23 cm.</subfield></datafield><datafield ind1=" " ind2=" " tag="504"><subfield code="a">Bibliography: p.1-2.</subfield></datafield><datafield ind1=" " ind2="0" tag="650"><subfield code="a">Darai language</subfield><subfield code="x">Phonemics.</subfield></datafield><datafield ind1="1" ind2="0" tag="700"><subfield code="a">Kotapish, Sharon,</subfield><subfield code="e">joint author.</subfield></datafield><datafield ind1=" " ind2=" " tag="035"><subfield code="a">(TxDaGIAL)37741100007035</subfield></datafield><controlfield tag="005">20080624155115.0</controlfield><controlfield tag="001">2116</controlfield><controlfield tag="003">TxDaGIAL</controlfield><datafield ind1=" " ind2=" " tag="852"><subfield code="p">37741100007035</subfield><subfield code="a">Library</subfield><subfield code="x">COPYID:2513</subfield><subfield code="x">FSC@aRegular@c19950822</subfield><subfield code="h">491.49 K87 1973</subfield><subfield code="z">8732</subfield></datafield></record>