
<record><leader>01083nam a2200241 a 4500</leader><controlfield tag="008">970710m19771988miu     r     000 0 eng d</controlfield><datafield ind1=" " ind2=" " tag="040"><subfield code="a">TxDaGIAL</subfield><subfield code="c">TxDaGIAL</subfield></datafield><datafield ind1="1" ind2=" " tag="100"><subfield code="a">Andres, Susie.</subfield></datafield><datafield ind1="1" ind2="2" tag="245"><subfield code="a">A description of Muria Gon&#7693;i phonology and morphology with a transformational account of the morphophonological processes employed /</subfield><subfield code="c">by Susie Andres.</subfield></datafield><datafield ind1=" " ind2=" " tag="260"><subfield code="c">1977, c1982.</subfield></datafield><datafield ind1=" " ind2=" " tag="300"><subfield code="a">xxxv, [iii], 666 p. in 2 v. ;</subfield><subfield code="c">22 cm.</subfield></datafield><datafield ind1=" " ind2=" " tag="502"><subfield code="a">Thesis (Ph.D.)--The University of Poona, 1977.</subfield></datafield><datafield ind1=" " ind2=" " tag="504"><subfield code="a">Bibliography: leaves 661-666.</subfield></datafield><datafield ind1=" " ind2=" " tag="533"><subfield code="a">Facsim.</subfield><subfield code="b">Ann Arbor, Mich. :</subfield><subfield code="c">University Microfilms,</subfield><subfield code="d">1988.</subfield></datafield><datafield ind1=" " ind2="0" tag="650"><subfield code="a">Gondi language</subfield><subfield code="x">Phonology.</subfield></datafield><datafield ind1=" " ind2="0" tag="650"><subfield code="a">Gondi language</subfield><subfield code="x">Morphology.</subfield></datafield><datafield ind1="2" ind2="0" tag="610"><subfield code="a">The University of Poona.</subfield><subfield code="b">Deccan College Postgraduate and Research Institute</subfield><subfield code="x">Dissertations.</subfield></datafield><datafield ind1=" " ind2=" " tag="035"><subfield code="a">(TxDaGIAL)37741100018962</subfield></datafield><controlfield tag="005">20080624155124.0</controlfield><controlfield tag="001">2157</controlfield><controlfield tag="003">TxDaGIAL</controlfield><datafield ind1=" " ind2=" " tag="852"><subfield code="p">37741100018962</subfield><subfield code="a">Library</subfield><subfield code="x">COPYID:2557</subfield><subfield code="x">FSC@aRegular@c19970711</subfield><subfield code="h">494.823 A561d 1 1977</subfield></datafield><datafield ind1=" " ind2=" " tag="852"><subfield code="p">37741100018963</subfield><subfield code="a">Library</subfield><subfield code="x">COPYID:2558</subfield><subfield code="x">FSC@aRegular@c19970711</subfield><subfield code="h">494.823 A561d 2 1977</subfield></datafield></record>