
<record><leader>00825nam a2200229   4500</leader><controlfield tag="008">710223s1968    ii            00010 eng  </controlfield><datafield ind1=" " ind2=" " tag="010"><subfield code="a">   70905941 /SA</subfield></datafield><datafield ind1=" " ind2=" " tag="040"><subfield code="a">DLC</subfield><subfield code="c">DLC</subfield><subfield code="d">TxDaGIAL</subfield></datafield><datafield ind1="0" ind2=" " tag="050"><subfield code="a">PL4632</subfield><subfield code="b">.S8</subfield></datafield><datafield ind1="1" ind2="0" tag="100"><subfield code="a">Subrahmanyam, P. S.</subfield></datafield><datafield ind1="1" ind2="2" tag="245"><subfield code="a">A descriptive grammar of Gondi /</subfield><subfield code="c">[by] P. S. Subrahmanyam.</subfield></datafield><datafield ind1=" " ind2=" " tag="250"><subfield code="a">[1st ed.].</subfield></datafield><datafield ind1="0" ind2=" " tag="260"><subfield code="a">Annamalainagar :</subfield><subfield code="b">Annamalai University,</subfield><subfield code="c">1968.</subfield></datafield><datafield ind1=" " ind2=" " tag="300"><subfield code="a">vii, 234 p. ;</subfield><subfield code="c">22 cm.</subfield></datafield><datafield ind1="1" ind2=" " tag="490"><subfield code="a">Dept. of Linguistics. Publication no. 16</subfield></datafield><datafield ind1=" " ind2="0" tag="650"><subfield code="a">Gondi language</subfield><subfield code="x">Grammar.</subfield></datafield><datafield ind1="2" ind2=" " tag="810"><subfield code="a">Annamalai University, Chidambaram, India.</subfield><subfield code="b">Dept. of Linguistics.</subfield><subfield code="t">Publication</subfield><subfield code="v">no. 16.</subfield></datafield><datafield ind1=" " ind2=" " tag="035"><subfield code="a">(TxDaGIAL)37741100007632</subfield></datafield><controlfield tag="005">20080624155125.0</controlfield><controlfield tag="001">2160</controlfield><controlfield tag="003">TxDaGIAL</controlfield><datafield ind1=" " ind2=" " tag="852"><subfield code="p">37741100007632</subfield><subfield code="a">Library</subfield><subfield code="x">COPYID:2561</subfield><subfield code="x">FSC@aRegular@c19950906</subfield><subfield code="h">494.823 S941d 1968</subfield><subfield code="z">3258</subfield></datafield></record>