
<record><leader>00853nam a2200229 a 4500</leader><controlfield tag="008">970326r19711973miu     r     000 0 eng d</controlfield><datafield ind1=" " ind2=" " tag="040"><subfield code="a">TxDaGIAL</subfield><subfield code="c">TxDaGIAL</subfield></datafield><datafield ind1="1" ind2=" " tag="100"><subfield code="a">Badger, Herbert Andrew,</subfield><subfield code="d">1935-</subfield></datafield><datafield ind1="1" ind2="2" tag="245"><subfield code="a">A descriptive grammar of Mississippi Choctaw /</subfield><subfield code="c">by Herbert Andrew Badger.</subfield></datafield><datafield ind1=" " ind2=" " tag="260"><subfield code="c">1971.</subfield></datafield><datafield ind1=" " ind2=" " tag="300"><subfield code="a">3, iii, 77 leaves ;</subfield><subfield code="c">21 cm.</subfield></datafield><datafield ind1=" " ind2=" " tag="500"><subfield code="a">Vita.</subfield></datafield><datafield ind1=" " ind2=" " tag="502"><subfield code="a">Thesis (Ph.D.)--University of Southern Mississippi, 1971.</subfield></datafield><datafield ind1=" " ind2=" " tag="504"><subfield code="a">Bibliography : leaves 73-76.</subfield></datafield><datafield ind1=" " ind2=" " tag="533"><subfield code="a">Facsim.</subfield><subfield code="b">Ann Arbor, Mich. :</subfield><subfield code="c">University Microfilms,</subfield><subfield code="d">1973.</subfield></datafield><datafield ind1=" " ind2="0" tag="650"><subfield code="a">Choctaw language</subfield><subfield code="x">Grammar.</subfield></datafield><datafield ind1="2" ind2="0" tag="610"><subfield code="a">University of Southern Mississippi</subfield><subfield code="x">Dissertations.</subfield></datafield><datafield ind1=" " ind2=" " tag="035"><subfield code="a">(TxDaGIAL)37741100016393</subfield></datafield><controlfield tag="005">20080624155125.0</controlfield><controlfield tag="001">2161</controlfield><controlfield tag="003">TxDaGIAL</controlfield><datafield ind1=" " ind2=" " tag="852"><subfield code="p">37741100016393</subfield><subfield code="a">Library</subfield><subfield code="x">COPYID:2562</subfield><subfield code="x">FSC@aRegular@c19970331</subfield><subfield code="h">497.41 B135d 1971</subfield><subfield code="z">3451</subfield></datafield></record>