
<record><leader>00783nam a2200217 i 4500</leader><controlfield tag="008">741021s1961    txu           00010 eng  </controlfield><datafield ind1=" " ind2=" " tag="040"><subfield code="a">TxDaGIAL</subfield><subfield code="c">TxDaGIAL</subfield></datafield><datafield ind1="0" ind2=" " tag="041"><subfield code="a">engara</subfield></datafield><datafield ind1=" " ind2=" " tag="043"><subfield code="a">f-ua---</subfield></datafield><datafield ind1="1" ind2="0" tag="100"><subfield code="a">Khalafallah, Abdelghany A.,</subfield><subfield code="d">1920-</subfield></datafield><datafield ind1="1" ind2="2" tag="245"><subfield code="a">A descriptive grammar of s&#818;aei:di colloquial Egyptian Arabic. /</subfield><subfield code="c">by Abdelghany Abdallah Khalafallah.</subfield></datafield><datafield ind1=" " ind2=" " tag="260"><subfield code="c">1961.</subfield></datafield><datafield ind1=" " ind2=" " tag="300"><subfield code="a">vi, 141 p. ;</subfield><subfield code="c">28 cm.</subfield></datafield><datafield ind1=" " ind2=" " tag="500"><subfield code="a">Published in: Janua linguarum. Series practica, 32.</subfield></datafield><datafield ind1=" " ind2=" " tag="502"><subfield code="a">Thesis (Ph.D.)--University of Texas, Austin, 1961.</subfield></datafield><datafield ind1=" " ind2="0" tag="650"><subfield code="a">Arabic language</subfield><subfield code="x">Dialects</subfield><subfield code="z">Egypt.</subfield></datafield><datafield ind1=" " ind2=" " tag="035"><subfield code="a">(TxDaGIAL)37741100018545</subfield></datafield><controlfield tag="005">20080624155125.0</controlfield><controlfield tag="001">2162</controlfield><controlfield tag="003">TxDaGIAL</controlfield><datafield ind1=" " ind2=" " tag="852"><subfield code="p">37741100018545</subfield><subfield code="a">Library</subfield><subfield code="x">COPYID:2563</subfield><subfield code="x">FSC@aRegular@c19970523</subfield><subfield code="h">492.77 K45d 1961</subfield><subfield code="z">2165</subfield></datafield></record>