
<record><leader>00823nam a2200241Ia 4500</leader><controlfield tag="008">850908s1909    gw            000 0 ger d</controlfield><datafield ind1=" " ind2=" " tag="035"><subfield code="a">(CU-UC)3334263</subfield></datafield><datafield ind1=" " ind2=" " tag="040"><subfield code="a">VRM</subfield><subfield code="c">VRM</subfield><subfield code="d">m/c</subfield><subfield code="d">CUY</subfield></datafield><datafield ind1="0" ind2=" " tag="041"><subfield code="a">gergrc</subfield></datafield><datafield ind1="1" ind2=" " tag="100"><subfield code="a">Schenkl, Karl,</subfield><subfield code="d">1827-1900.</subfield></datafield><datafield ind1="1" ind2="0" tag="245"><subfield code="a">Deutsch-Griechisches Schul-W&#246;rterbuch /</subfield><subfield code="c">von Karl Schenkl.</subfield></datafield><datafield ind1=" " ind2=" " tag="250"><subfield code="a">6. Aufl.</subfield></datafield><datafield ind1=" " ind2=" " tag="260"><subfield code="a">Leipzig :</subfield><subfield code="b">B.G. Teubner,</subfield><subfield code="c">1909.</subfield></datafield><datafield ind1=" " ind2=" " tag="300"><subfield code="a">v, 941 p. ;</subfield><subfield code="c">26 cm.</subfield></datafield><datafield ind1="1" ind2=" " tag="490"><subfield code="a">Griechisches Schulw&#246;rterbuch ;</subfield><subfield code="v">II</subfield></datafield><datafield ind1=" " ind2=" " tag="546"><subfield code="a">German.</subfield></datafield><datafield ind1=" " ind2="0" tag="650"><subfield code="a">German language</subfield><subfield code="v">Dictionaries</subfield><subfield code="x">Greek.</subfield></datafield><datafield ind1=" " ind2="0" tag="830"><subfield code="a">Griechisch-Deutsches und Deutsch-Griechisches Schul-W&#246;rterbuch ;</subfield><subfield code="v">II.</subfield></datafield><datafield ind1=" " ind2=" " tag="035"><subfield code="a">(TxDaGIAL)37741100018493</subfield></datafield><controlfield tag="005">20080624155128.0</controlfield><controlfield tag="001">2180</controlfield><controlfield tag="003">TxDaGIAL</controlfield><datafield ind1=" " ind2=" " tag="852"><subfield code="p">37741100018493</subfield><subfield code="a">Library</subfield><subfield code="x">COPYID:2582</subfield><subfield code="x">FSC@aRegular@c19970619</subfield><subfield code="h">433.87 S324d 1909</subfield><subfield code="z">8073</subfield></datafield></record>