
<record><leader>01196pam a2200301 a 4500</leader><controlfield tag="008">961206s1997    ne b     b    001 0 eng  </controlfield><datafield ind1=" " ind2=" " tag="010"><subfield code="a">   96006508</subfield></datafield><datafield ind1=" " ind2=" " tag="020"><subfield code="a">1556195478 (alk. paper)</subfield></datafield><datafield ind1=" " ind2=" " tag="040"><subfield code="a">DLC</subfield><subfield code="c">DLC</subfield><subfield code="d">DLC</subfield></datafield><datafield ind1=" " ind2=" " tag="043"><subfield code="a">n-us-la</subfield><subfield code="a">lnca---</subfield></datafield><datafield ind1="0" ind2="0" tag="050"><subfield code="a">PC4829.L6</subfield><subfield code="b">H6 1997</subfield></datafield><datafield ind1="0" ind2="0" tag="082"><subfield code="a">467/.976319</subfield><subfield code="2">21</subfield></datafield><datafield ind1="1" ind2=" " tag="100"><subfield code="a">Holloway, Charles E.</subfield></datafield><datafield ind1="1" ind2="0" tag="245"><subfield code="a">Dialect death :</subfield><subfield code="b">the case of Brule Spanish /</subfield><subfield code="c">Charles E. Holloway.</subfield></datafield><datafield ind1=" " ind2=" " tag="260"><subfield code="a">Amsterdam ;</subfield><subfield code="a">Philadelphia :</subfield><subfield code="b">John Benjamins,</subfield><subfield code="c">c1997.</subfield></datafield><datafield ind1=" " ind2=" " tag="300"><subfield code="a">220 p. :</subfield><subfield code="b">map ;</subfield><subfield code="c">23 cm.</subfield></datafield><datafield ind1="1" ind2=" " tag="490"><subfield code="a">Studies in bilingualism ; v. 13</subfield></datafield><datafield ind1=" " ind2=" " tag="504"><subfield code="a">Includes bibliographical references (p. [201]-216) and indexes.</subfield></datafield><datafield ind1=" " ind2="0" tag="650"><subfield code="a">Spanish language</subfield><subfield code="x">Dialects</subfield><subfield code="z">Louisiana</subfield><subfield code="z">Ascension Parish.</subfield></datafield><datafield ind1=" " ind2="0" tag="650"><subfield code="a">Language attrition</subfield><subfield code="z">Louisiana</subfield><subfield code="z">Ascension Parish.</subfield></datafield><datafield ind1=" " ind2="0" tag="650"><subfield code="a">Sociolinguistics</subfield><subfield code="z">Louisiana</subfield><subfield code="z">Ascension Parish.</subfield></datafield><datafield ind1=" " ind2="0" tag="650"><subfield code="a">Canary Islanders</subfield><subfield code="z">Louisiana</subfield><subfield code="z">Ascension Parish</subfield><subfield code="x">History.</subfield></datafield><datafield ind1=" " ind2="0" tag="830"><subfield code="a">Studies in bilingualism ; vol. 13.</subfield></datafield><datafield ind1=" " ind2=" " tag="035"><subfield code="a">(TxDaGIAL)37741100021424</subfield></datafield><controlfield tag="005">20080624155143.0</controlfield><controlfield tag="001">2230</controlfield><controlfield tag="003">TxDaGIAL</controlfield><datafield ind1=" " ind2=" " tag="852"><subfield code="p">37741100021424</subfield><subfield code="a">Library</subfield><subfield code="9">$60.03</subfield><subfield code="x">FUND:Ling</subfield><subfield code="x">COPYID:2640</subfield><subfield code="x">FSC@aRegular@c19971028</subfield><subfield code="h">467.976319 H745d 1997</subfield><subfield code="z">B/T 10-97</subfield></datafield></record>