
<record><leader>00549nam a22001937a 4500</leader><controlfield tag="008">970721s1972    xxu           000 0 eng d</controlfield><datafield ind1=" " ind2=" " tag="040"><subfield code="a">TxDaGIAL</subfield><subfield code="c">TxDaGIAL</subfield></datafield><datafield ind1=" " ind2=" " tag="094"><subfield code="a">HLB00</subfield><subfield code="2">ROPAL</subfield></datafield><datafield ind1="1" ind2=" " tag="100"><subfield code="a">Woods, Frances.</subfield></datafield><datafield ind1="1" ind2="0" tag="245"><subfield code="a">Dialogue in Halbi /</subfield><subfield code="c">Fran Woods.</subfield></datafield><datafield ind1=" " ind2=" " tag="260"><subfield code="c">1972.</subfield></datafield><datafield ind1=" " ind2=" " tag="300"><subfield code="a">92 leaves.</subfield></datafield><datafield ind1=" " ind2=" " tag="500"><subfield code="a">Unpublished manuscript.</subfield></datafield><datafield ind1=" " ind2="0" tag="650"><subfield code="a">Halbi language.</subfield></datafield><datafield ind1=" " ind2=" " tag="035"><subfield code="a">(TxDaGIAL)37741100019146</subfield></datafield><controlfield tag="005">20080624155145.0</controlfield><controlfield tag="001">2241</controlfield><controlfield tag="003">TxDaGIAL</controlfield><datafield ind1=" " ind2=" " tag="852"><subfield code="p">37741100019146</subfield><subfield code="a">Library</subfield><subfield code="x">COPYID:2656</subfield><subfield code="x">FSC@aRegular@c19970723</subfield><subfield code="h">491.45 W894d 1972</subfield></datafield></record>