
<record><leader>00950nam a2200265 a 4500</leader><controlfield tag="008">960916s1986    mx       d    000 0 spa d</controlfield><datafield ind1=" " ind2=" " tag="010"><subfield code="a">   96195214</subfield></datafield><datafield ind1=" " ind2=" " tag="020"><subfield code="a">9681202864</subfield></datafield><datafield ind1=" " ind2=" " tag="035"><subfield code="a">(CStRLIN)CLAG87-B18471</subfield></datafield><datafield ind1=" " ind2=" " tag="040"><subfield code="a">MnU</subfield><subfield code="c">MnU</subfield><subfield code="d">CL</subfield><subfield code="d">DLC</subfield></datafield><datafield ind1=" " ind2=" " tag="042"><subfield code="a">lccopycat</subfield></datafield><datafield ind1="0" ind2="0" tag="050"><subfield code="a">PC4832</subfield><subfield code="b">.D5 1986</subfield></datafield><datafield ind1="0" ind2="0" tag="245"><subfield code="a">Diccionario b&#225;sico del espa&#241;ol de M&#233;xico /</subfield><subfield code="c">[dirigido por Luis Fernando Lara].</subfield></datafield><datafield ind1=" " ind2=" " tag="250"><subfield code="a">1. ed.</subfield></datafield><datafield ind1=" " ind2=" " tag="260"><subfield code="a">M&#233;xico, D.F. :</subfield><subfield code="b">Colegio de M&#233;xico,</subfield><subfield code="c">1986.</subfield></datafield><datafield ind1=" " ind2=" " tag="300"><subfield code="a">565 p. ;</subfield><subfield code="c">23 cm.</subfield></datafield><datafield ind1=" " ind2=" " tag="590"><subfield code="a">Inscribed to Prof. Kenneth Pike by the compiler.</subfield></datafield><datafield ind1=" " ind2="0" tag="650"><subfield code="a">Spanish language</subfield><subfield code="x">Provincialisms</subfield><subfield code="z">Mexico</subfield><subfield code="v">Dictionaries.</subfield></datafield><datafield ind1="1" ind2=" " tag="700"><subfield code="a">Lara, Luis Fernando.</subfield></datafield><datafield ind1="2" ind2=" " tag="710"><subfield code="a">Colegio de M&#233;xico.</subfield></datafield><datafield ind1=" " ind2=" " tag="035"><subfield code="a">(TxDaGIAL)37741100014312</subfield></datafield><controlfield tag="005">20080624155147.0</controlfield><controlfield tag="001">2247</controlfield><controlfield tag="003">TxDaGIAL</controlfield><datafield ind1=" " ind2=" " tag="852"><subfield code="p">37741100014312</subfield><subfield code="a">Library</subfield><subfield code="b">Kenneth L. Pike Coll</subfield><subfield code="9">$0.00</subfield><subfield code="x">COPYID:2662</subfield><subfield code="x">FSC@aRegular@c19961230</subfield><subfield code="h">467.972 D545L 1986</subfield><subfield code="z">K.L. Pike gift   (13731)</subfield></datafield></record>