
<record><leader>00946cam a2200253 i 4500</leader><controlfield tag="008">771205s1976    gt       d    000 0 spa  </controlfield><datafield ind1=" " ind2=" " tag="010"><subfield code="a">   77560678 //r92</subfield></datafield><datafield ind1=" " ind2=" " tag="040"><subfield code="a">DLC</subfield><subfield code="c">DLC</subfield><subfield code="d">DLC</subfield><subfield code="d">TxDaGIAL</subfield></datafield><datafield ind1="0" ind2=" " tag="041"><subfield code="a">spamyn</subfield></datafield><datafield ind1="0" ind2="0" tag="050"><subfield code="a">PM3941</subfield><subfield code="b">.D5</subfield></datafield><datafield ind1="0" ind2="0" tag="082"><subfield code="a">497.4</subfield></datafield><datafield ind1=" " ind2=" " tag="094"><subfield code="a">mop00</subfield><subfield code="2">ROPAL</subfield></datafield><datafield ind1="0" ind2="0" tag="245"><subfield code="a">Diccionario biling&#252;e maya mop&#225;n y espa&#241;ol, espa&#241;ol y maya Mop&#225;n.</subfield></datafield><datafield ind1="0" ind2=" " tag="260"><subfield code="a">Guatemala :</subfield><subfield code="b">Instituto Ling&#252;&#237;stico de Verano,</subfield><subfield code="c">1976.</subfield></datafield><datafield ind1=" " ind2=" " tag="300"><subfield code="a">393 p. ;</subfield><subfield code="c">21 cm.</subfield></datafield><datafield ind1=" " ind2="0" tag="650"><subfield code="a">Mopan dialect</subfield><subfield code="v">Dictionaries</subfield><subfield code="x">Spanish.</subfield></datafield><datafield ind1=" " ind2="0" tag="650"><subfield code="a">Spanish language</subfield><subfield code="v">Dictionaries</subfield><subfield code="x">Mopan.</subfield></datafield><datafield ind1="2" ind2="0" tag="710"><subfield code="a">Summer Institute of Linguistics.</subfield></datafield><datafield ind1=" " ind2=" " tag="035"><subfield code="a">(TxDaGIAL)37741100016321</subfield></datafield><controlfield tag="005">20080624155147.0</controlfield><controlfield tag="001">2248</controlfield><controlfield tag="003">TxDaGIAL</controlfield><datafield ind1=" " ind2=" " tag="852"><subfield code="p">37741100016321</subfield><subfield code="a">Library</subfield><subfield code="x">COPYID:2663</subfield><subfield code="x">FSC@aRegular@c19970328</subfield><subfield code="h">497.41523 D545d 1976</subfield><subfield code="z">11374</subfield></datafield><datafield ind1=" " ind2=" " tag="852"><subfield code="p">37741100022668</subfield><subfield code="a">Library</subfield><subfield code="9">$0.00</subfield><subfield code="x">COPYID:2664</subfield><subfield code="x">FSC@aRegular@c19981110</subfield><subfield code="h">497.41523 D545d 1976</subfield><subfield code="z">Gift Alfa Curtis 9-96</subfield></datafield></record>