
<record><leader>00964nam a22002411  4500</leader><controlfield tag="008">950414s1994    txu           000 0 spa d</controlfield><datafield ind1=" " ind2=" " tag="040"><subfield code="a">TxArU</subfield><subfield code="c">TxArU</subfield><subfield code="d">TxDaGIAL</subfield></datafield><datafield ind1="0" ind2=" " tag="041"><subfield code="a">spasai</subfield></datafield><datafield ind1="1" ind2=" " tag="100"><subfield code="a">Headland, Edna Romayne.</subfield></datafield><datafield ind1="1" ind2="0" tag="245"><subfield code="a">Diccionario biling&#252;e Tunebo-Espa&#241;ol, Espa&#241;ol-Tunebo con una breve gramatica Tuneba /</subfield><subfield code="c">by Edna Romayne Headland.</subfield></datafield><datafield ind1=" " ind2=" " tag="260"><subfield code="c">1994.</subfield></datafield><datafield ind1=" " ind2=" " tag="300"><subfield code="a">xii, 207 leaves :</subfield><subfield code="b">maps ;</subfield><subfield code="c">30 cm.</subfield></datafield><datafield ind1=" " ind2=" " tag="500"><subfield code="a">Grammar written in Spanish.</subfield></datafield><datafield ind1=" " ind2=" " tag="502"><subfield code="a">Thesis (M.A.)--University of Texas at Arlington, 1994.</subfield></datafield><datafield ind1=" " ind2=" " tag="504"><subfield code="a">Includes bibliographical references (leaves 53-55).</subfield></datafield><datafield ind1=" " ind2="0" tag="650"><subfield code="a">Tunebo language</subfield><subfield code="x">Grammar.</subfield></datafield><datafield ind1="2" ind2="0" tag="610"><subfield code="a">University of Texas at Arlington.</subfield><subfield code="b">Graduate School.</subfield></datafield><datafield ind1=" " ind2="0" tag="650"><subfield code="a">Tunebo language</subfield><subfield code="v">Dictionaries</subfield><subfield code="x">Spanish.</subfield></datafield><datafield ind1=" " ind2=" " tag="035"><subfield code="a">(TxDaGIAL)37741100003480</subfield></datafield><controlfield tag="005">20080624155147.0</controlfield><controlfield tag="001">2249</controlfield><controlfield tag="003">TxDaGIAL</controlfield><datafield ind1=" " ind2=" " tag="852"><subfield code="p">37741100003480</subfield><subfield code="a">Library</subfield><subfield code="9">$0.00</subfield><subfield code="x">COPYID:2665</subfield><subfield code="x">FSC@aRegular@c19950414</subfield><subfield code="h">498.27 H433d 1994</subfield><subfield code="z">gift author 2-1995</subfield></datafield></record>