
<record><leader>01239nam a2200289 a 4500</leader><controlfield tag="008">891128s1989    txu      bd   000 0 sai  </controlfield><datafield ind1=" " ind2=" " tag="010"><subfield code="a">   89052028</subfield></datafield><datafield ind1=" " ind2=" " tag="020"><subfield code="a">0883127180</subfield></datafield><datafield ind1=" " ind2=" " tag="040"><subfield code="a">DLC</subfield><subfield code="c">DLC</subfield><subfield code="d">TxDaGIAL</subfield></datafield><datafield ind1="0" ind2=" " tag="041"><subfield code="a">saispa</subfield></datafield><datafield ind1="0" ind2="0" tag="050"><subfield code="a">PM7088.Z5</subfield><subfield code="b">C393 1989</subfield></datafield><datafield ind1=" " ind2=" " tag="094"><subfield code="a">cav00</subfield><subfield code="2">ROPAL</subfield></datafield><datafield ind1="1" ind2="0" tag="100"><subfield code="a">Camp, Elizabeth L.</subfield></datafield><datafield ind1="1" ind2="0" tag="245"><subfield code="a">Diccionario cavine&#241;a-castellano, castellano-cavine&#241;a :</subfield><subfield code="b">con bosquejo de la gram&#225;tica cavine&#241;a /</subfield><subfield code="c">por Elizabeth L. Camp y Millicent R. Liccardi.</subfield></datafield><datafield ind1="0" ind2=" " tag="260"><subfield code="a">Dallas, TX, U.S.A. :</subfield><subfield code="b">International Linguistics Coordinator, Summer Institute of Linguistics,</subfield><subfield code="c">c1989.</subfield></datafield><datafield ind1=" " ind2=" " tag="300"><subfield code="a">xv, 363 p. ;</subfield><subfield code="c">22 cm.</subfield></datafield><datafield ind1=" " ind2=" " tag="504"><subfield code="a">Includes bibliographical references (p. 363).</subfield></datafield><datafield ind1=" " ind2="0" tag="650"><subfield code="a">Cavine&#241;o language</subfield><subfield code="v">Dictionaries</subfield><subfield code="x">Spanish.</subfield></datafield><datafield ind1=" " ind2="0" tag="650"><subfield code="a">Spanish language</subfield><subfield code="v">Dictionaries</subfield><subfield code="x">Cavine&#241;o.</subfield></datafield><datafield ind1=" " ind2="0" tag="650"><subfield code="a">Cavine&#241;o language</subfield><subfield code="x">Grammar.</subfield></datafield><datafield ind1="1" ind2="0" tag="700"><subfield code="a">Liccardi, Millicent R.</subfield></datafield><datafield ind1=" " ind2=" " tag="035"><subfield code="a">(TxDaGIAL)37741100016111</subfield></datafield><controlfield tag="005">20080624155147.0</controlfield><controlfield tag="001">2250</controlfield><controlfield tag="003">TxDaGIAL</controlfield><datafield ind1=" " ind2=" " tag="852"><subfield code="p">37741100016111</subfield><subfield code="a">Library</subfield><subfield code="x">COPYID:2666</subfield><subfield code="x">FSC@aRegular@c19991101</subfield><subfield code="h">498.48 C186d 1989</subfield><subfield code="z">1-90</subfield></datafield><datafield ind1=" " ind2=" " tag="852"><subfield code="p">37741100022717</subfield><subfield code="a">Library</subfield><subfield code="9">$0.00</subfield><subfield code="x">COPYID:2667</subfield><subfield code="x">FSC@aRegular@c19981201</subfield><subfield code="h">498.48 C186d 1989</subfield><subfield code="z">Gift SIL-International Communications Dept. 3-98</subfield></datafield></record>