
<record><leader>01260cam a2200277 a 4500</leader><controlfield tag="008">791113s1978    mx af    d    000 0 spa  </controlfield><datafield ind1=" " ind2=" " tag="010"><subfield code="a">   79116730 //r92</subfield></datafield><datafield ind1=" " ind2=" " tag="040"><subfield code="a">DLC</subfield><subfield code="c">DLC</subfield><subfield code="d">DLC</subfield><subfield code="d">TxDaGIAL</subfield></datafield><datafield ind1="0" ind2=" " tag="041"><subfield code="a">spamyn</subfield></datafield><datafield ind1="0" ind2="0" tag="050"><subfield code="a">PM3649.Z5</subfield><subfield code="b">A9</subfield></datafield><datafield ind1="1" ind2="0" tag="100"><subfield code="a">Aulie, H. Wilbur.</subfield></datafield><datafield ind1="1" ind2="0" tag="245"><subfield code="a">Diccionario ch'ol-espa&#241;ol, espa&#241;ol-ch'ol /</subfield><subfield code="c">compilado por H. Wilbur Aulie y Evelyn W. de Aulie, con la colaboraci&#243;n de C&#233;sar Men&#233;ses D&#237;az y Crist&#243;bal L&#243;pez V&#225;zquez.</subfield></datafield><datafield ind1=" " ind2=" " tag="250"><subfield code="a">1. ed.</subfield></datafield><datafield ind1="0" ind2=" " tag="260"><subfield code="a">M&#233;xico :</subfield><subfield code="b">Instituto Ling&#252;&#237;stico de Verano,</subfield><subfield code="c">1978.</subfield></datafield><datafield ind1=" " ind2=" " tag="300"><subfield code="a">215 p., [4] leaves of plates :</subfield><subfield code="b">ill. ;</subfield><subfield code="c">23 cm.</subfield></datafield><datafield ind1=" " ind2="0" tag="440"><subfield code="a">Vocabularios ind&#237;genas ; 21</subfield></datafield><datafield ind1=" " ind2=" " tag="500"><subfield code="a">&quot;En coordinaci&#243;n con la Secretar&#237;a de Educaci&#243;n P&#250;blica, a trav&#233;s de la Direcci&#243;n General de Servicios Educativos en el Medio Ind&#237;gena.&quot;</subfield></datafield><datafield ind1=" " ind2="0" tag="650"><subfield code="a">Chol language</subfield><subfield code="v">Dictionaries</subfield><subfield code="x">Spanish.</subfield></datafield><datafield ind1=" " ind2="0" tag="650"><subfield code="a">Spanish language</subfield><subfield code="v">Dictionaries</subfield><subfield code="x">Chol.</subfield></datafield><datafield ind1="1" ind2="0" tag="700"><subfield code="a">Aulie, Evelyn W. de,</subfield><subfield code="e">joint author.</subfield></datafield><datafield ind1=" " ind2=" " tag="035"><subfield code="a">(TxDaGIAL)37741100016211</subfield></datafield><controlfield tag="005">20080624155148.0</controlfield><controlfield tag="001">2251</controlfield><controlfield tag="003">TxDaGIAL</controlfield><datafield ind1=" " ind2=" " tag="852"><subfield code="p">37741100016211</subfield><subfield code="a">Library</subfield><subfield code="x">COPYID:2668</subfield><subfield code="x">FSC@aRegular@c19970325</subfield><subfield code="h">497.4 A924d 1978</subfield><subfield code="z">5251</subfield></datafield><datafield ind1=" " ind2=" " tag="852"><subfield code="p">37741100016212</subfield><subfield code="a">Library</subfield><subfield code="x">COPYID:2669</subfield><subfield code="x">FSC@aRegular@c19970325</subfield><subfield code="h">497.4 A924d 1978</subfield><subfield code="z">5252</subfield></datafield></record>