
<record><leader>01378cam a2200301 i 4500</leader><controlfield tag="008">780814s1973    mx       d    000 0 spa  </controlfield><datafield ind1=" " ind2=" " tag="010"><subfield code="a">   78355170 //r89</subfield></datafield><datafield ind1=" " ind2=" " tag="040"><subfield code="a">DLC</subfield><subfield code="c">DLC</subfield><subfield code="d">DLC</subfield></datafield><datafield ind1="0" ind2=" " tag="041"><subfield code="a">spacai</subfield></datafield><datafield ind1=" " ind2=" " tag="043"><subfield code="a">n-mx---</subfield></datafield><datafield ind1="0" ind2="0" tag="050"><subfield code="a">PM4426.Z5</subfield><subfield code="b">A85</subfield></datafield><datafield ind1="1" ind2="0" tag="100"><subfield code="a">Aschmann, Herman P.</subfield></datafield><datafield ind1="1" ind2="0" tag="245"><subfield code="a">Diccionario totonaco de Papantla, Veracruz :</subfield><subfield code="b">totonaco-espa&#241;ol, espanol-totonaco.</subfield></datafield><datafield ind1="0" ind2=" " tag="260"><subfield code="a">M&#233;xico :</subfield><subfield code="b">Instituto Linguistico de Verano,</subfield><subfield code="c">1973.</subfield></datafield><datafield ind1=" " ind2=" " tag="300"><subfield code="a">xiii, 268 p. ;</subfield><subfield code="c">23 cm.</subfield></datafield><datafield ind1="0" ind2=" " tag="490"><subfield code="a">Serie de vocabularios y diccionarios ind&#237;genas &quot;Mariano Silva y Aceves&quot; ; n&#250;m. 16</subfield></datafield><datafield ind1=" " ind2=" " tag="500"><subfield code="a">Prepared by H. P. Aschmann and E. Dawson de Aschmann.</subfield></datafield><datafield ind1=" " ind2=" " tag="500"><subfield code="a">&quot;En coordinaci&#243;n con la Secretar&#237;a de Educaci&#243;n P&#250;blica a trav&#233;s de la Direcci&#243;n General de Educaci&#243;n Extraescolar en el Medio Ind&#237;gena, M&#233;xico, D. F.&quot;</subfield></datafield><datafield ind1=" " ind2="0" tag="650"><subfield code="a">Totonac language</subfield><subfield code="v">Dictionaries</subfield><subfield code="x">Spanish.</subfield></datafield><datafield ind1=" " ind2="0" tag="650"><subfield code="a">Spanish language</subfield><subfield code="v">Dictionaries</subfield><subfield code="x">Totonac.</subfield></datafield><datafield ind1=" " ind2="0" tag="650"><subfield code="a">Totonac language</subfield><subfield code="x">Dialects</subfield><subfield code="z">Mexico</subfield><subfield code="z">Papantla de Olarte.</subfield></datafield><datafield ind1="1" ind2="0" tag="700"><subfield code="a">Dawson de Aschmann, Elisa,</subfield><subfield code="e">joint author.</subfield></datafield><datafield ind1=" " ind2=" " tag="035"><subfield code="a">(TxDaGIAL)37741100016207</subfield></datafield><controlfield tag="005">20080624155148.0</controlfield><controlfield tag="001">2252</controlfield><controlfield tag="003">TxDaGIAL</controlfield><datafield ind1=" " ind2=" " tag="852"><subfield code="p">37741100016207</subfield><subfield code="a">Library</subfield><subfield code="x">COPYID:2670</subfield><subfield code="x">FSC@aRegular@c19970325</subfield><subfield code="h">497.41 A812d 1973</subfield><subfield code="z">3886</subfield></datafield><datafield ind1=" " ind2=" " tag="852"><subfield code="p">37741100016208</subfield><subfield code="a">Library</subfield><subfield code="9">$0.00</subfield><subfield code="x">COPYID:2671</subfield><subfield code="x">FSC@aRegular@c19970325</subfield><subfield code="h">497.41 A812d 1973</subfield><subfield code="z">Gift 12-94</subfield></datafield></record>