
<record><leader>01429cam a2200337 i 4500</leader><controlfield tag="008">790913s1978    mx a     bd   000 0 spa  </controlfield><datafield ind1=" " ind2=" " tag="010"><subfield code="a">   79112823 //r95</subfield></datafield><datafield ind1=" " ind2=" " tag="020"><subfield code="a">9683100147</subfield></datafield><datafield ind1=" " ind2=" " tag="040"><subfield code="a">DLC</subfield><subfield code="c">DLC</subfield><subfield code="d">DLC</subfield></datafield><datafield ind1="0" ind2=" " tag="041"><subfield code="a">spamyn</subfield></datafield><datafield ind1="0" ind2="0" tag="050"><subfield code="a">PM4466.Z5</subfield><subfield code="b">H8</subfield></datafield><datafield ind1="0" ind2="0" tag="082"><subfield code="a">497/.4</subfield></datafield><datafield ind1="1" ind2="0" tag="100"><subfield code="a">Hurley vda. de Delgaty, Alfa.</subfield></datafield><datafield ind1="1" ind2="0" tag="245"><subfield code="a">Diccionario tzotzil de San Andr&#233;s con variaciones dialectales :</subfield><subfield code="b">tzotzil-espa&#241;ol, espa&#241;ol-tzotzil /</subfield><subfield code="c">por Alfa Hurley vda. de Delgaty y Agust&#237;n Ruiz S&#225;nchez.</subfield></datafield><datafield ind1=" " ind2=" " tag="250"><subfield code="a">1. ed.</subfield></datafield><datafield ind1="0" ind2=" " tag="260"><subfield code="a">M&#233;xico :</subfield><subfield code="b">Instituto Ling&#252;&#237;stico de Verano,</subfield><subfield code="c">1978.</subfield></datafield><datafield ind1=" " ind2=" " tag="300"><subfield code="a">xvii, 481 p. :</subfield><subfield code="b">ill. ;</subfield><subfield code="c">23 cm.</subfield></datafield><datafield ind1="0" ind2=" " tag="490"><subfield code="a">Serie de vocabularios y diccionarios ind&#237;genas &quot;Mariano Silva y Aceves&quot; ; no. 22</subfield></datafield><datafield ind1=" " ind2=" " tag="500"><subfield code="a">Spine title: Tzotzil de San Andr&#233;s con variaciones dialectales.</subfield></datafield><datafield ind1=" " ind2=" " tag="504"><subfield code="a">Bibliography: p. 479-481.</subfield></datafield><datafield ind1=" " ind2="0" tag="650"><subfield code="a">Tzotzil language</subfield><subfield code="v">Dictionaries</subfield><subfield code="x">Spanish.</subfield></datafield><datafield ind1=" " ind2="0" tag="650"><subfield code="a">Spanish language</subfield><subfield code="v">Dictionaries</subfield><subfield code="z">Tzotzil.</subfield></datafield><datafield ind1=" " ind2="0" tag="650"><subfield code="a">Tzotzil language</subfield><subfield code="x">Grammar.</subfield></datafield><datafield ind1="1" ind2="0" tag="700"><subfield code="a">Ruiz S&#225;nchez, Agust&#237;n,</subfield><subfield code="e">joint author.</subfield></datafield><datafield ind1="0" ind2="1" tag="740"><subfield code="a">Tzotzil de San Andr&#233;s con variaciones dialectales.</subfield></datafield><datafield ind1=" " ind2=" " tag="035"><subfield code="a">(TxDaGIAL)37741100016226</subfield></datafield><controlfield tag="005">20080624155148.0</controlfield><controlfield tag="001">2253</controlfield><controlfield tag="003">TxDaGIAL</controlfield><datafield ind1=" " ind2=" " tag="852"><subfield code="p">37741100016226</subfield><subfield code="a">Library</subfield><subfield code="x">COPYID:2672</subfield><subfield code="x">FSC@aRegular@c19970325</subfield><subfield code="h">497.41515 H965d 1978</subfield><subfield code="z">5253</subfield></datafield><datafield ind1=" " ind2=" " tag="852"><subfield code="p">37741100016227</subfield><subfield code="a">Library</subfield><subfield code="x">COPYID:2673</subfield><subfield code="x">FSC@aRegular@c19970325</subfield><subfield code="h">497.41515 H965d 1978</subfield><subfield code="z">5254</subfield></datafield></record>