
<record><leader>01378cam a2200361 a 4500</leader><controlfield tag="008">831215s1981    mx a     db   00010 spa  </controlfield><datafield ind1=" " ind2=" " tag="010"><subfield code="a">   82241451 //r86</subfield></datafield><datafield ind1=" " ind2=" " tag="020"><subfield code="a">968310116X</subfield></datafield><datafield ind1=" " ind2=" " tag="040"><subfield code="a">DLC</subfield><subfield code="c">DLC</subfield></datafield><datafield ind1="0" ind2=" " tag="041"><subfield code="a">spacai</subfield></datafield><datafield ind1=" " ind2=" " tag="043"><subfield code="a">n-mx---</subfield></datafield><datafield ind1="0" ind2=" " tag="050"><subfield code="a">PM4556.Z5</subfield><subfield code="b">H37 1981</subfield></datafield><datafield ind1="1" ind2="0" tag="100"><subfield code="a">Harrison, Roy.</subfield></datafield><datafield ind1="1" ind2="0" tag="245"><subfield code="a">Diccionario zoque de Copainal&#225; /</subfield><subfield code="c">por Roy y Margaret Harrison y C&#225;stulo Garc&#237;a H.</subfield></datafield><datafield ind1=" " ind2=" " tag="250"><subfield code="a">1a ed.</subfield></datafield><datafield ind1="0" ind2=" " tag="260"><subfield code="a">M&#233;xico, D.F. :</subfield><subfield code="b">Instituto Ling&#252;&#237;stico de Verano,</subfield><subfield code="c">1981.</subfield></datafield><datafield ind1=" " ind2=" " tag="300"><subfield code="a">ix, 489 p. :</subfield><subfield code="b">ill. ;</subfield><subfield code="c">23 cm.</subfield></datafield><datafield ind1=" " ind2="0" tag="440"><subfield code="a">Serie de vocabularios y diccionarios ind&#237;genas &quot;Mariano Silva y Aceves&quot; ;</subfield><subfield code="v">n&#250;m. 23</subfield></datafield><datafield ind1=" " ind2=" " tag="500"><subfield code="a">Spanish and Zoque.</subfield></datafield><datafield ind1=" " ind2=" " tag="504"><subfield code="a">Bibliography: p. 487-489.</subfield></datafield><datafield ind1=" " ind2="0" tag="650"><subfield code="a">Zoque language</subfield><subfield code="v">Dictionaries</subfield><subfield code="x">Spanish.</subfield></datafield><datafield ind1=" " ind2="0" tag="650"><subfield code="a">Spanish language</subfield><subfield code="v">Dictionaries</subfield><subfield code="x">Zoque.</subfield></datafield><datafield ind1=" " ind2="0" tag="650"><subfield code="a">Zoque language</subfield><subfield code="x">Grammar.</subfield></datafield><datafield ind1=" " ind2="0" tag="650"><subfield code="a">Zoque language</subfield><subfield code="x">Dialects</subfield><subfield code="z">Mexico</subfield><subfield code="z">Copainal&#225;.</subfield></datafield><datafield ind1="1" ind2="0" tag="700"><subfield code="a">Harrison, Margaret B. de.</subfield></datafield><datafield ind1="1" ind2="0" tag="700"><subfield code="a">Garc&#237;a H., C&#225;stulo</subfield><subfield code="q">(Garc&#237;a Hern&#225;ndez)</subfield></datafield><datafield ind1="2" ind2="0" tag="710"><subfield code="a">Summer Institute of Linguistics.</subfield></datafield><datafield ind1=" " ind2=" " tag="035"><subfield code="a">(TxDaGIAL)37741100007181</subfield></datafield><controlfield tag="005">20080624155148.0</controlfield><controlfield tag="001">2254</controlfield><controlfield tag="003">TxDaGIAL</controlfield><datafield ind1=" " ind2=" " tag="852"><subfield code="p">37741100007181</subfield><subfield code="a">Library</subfield><subfield code="x">COPYID:2674</subfield><subfield code="x">FSC@aRegular@c19950823</subfield><subfield code="h">497.419 H321d 1981</subfield><subfield code="z">7309</subfield></datafield><datafield ind1=" " ind2=" " tag="852"><subfield code="p">37741100007182</subfield><subfield code="a">Library</subfield><subfield code="x">COPYID:2675</subfield><subfield code="x">FSC@aRegular@c19950823</subfield><subfield code="h">497.419 H321d 1981</subfield><subfield code="z">7884</subfield></datafield></record>