
<record><leader>01454nam a2200361 a 4500</leader><controlfield tag="008">890914s1987    mx a     bd   00010 spa  </controlfield><datafield ind1=" " ind2=" " tag="010"><subfield code="a">   89185763</subfield></datafield><datafield ind1=" " ind2=" " tag="020"><subfield code="a">968310228X</subfield></datafield><datafield ind1=" " ind2=" " tag="040"><subfield code="a">DLC</subfield><subfield code="c">DLC</subfield><subfield code="d">DLC</subfield></datafield><datafield ind1="0" ind2=" " tag="041"><subfield code="a">spacai</subfield></datafield><datafield ind1=" " ind2=" " tag="043"><subfield code="a">n-mx---</subfield></datafield><datafield ind1="0" ind2="0" tag="050"><subfield code="a">PM4556.Z5</subfield><subfield code="b">E54 1987</subfield></datafield><datafield ind1="1" ind2="0" tag="100"><subfield code="a">Engel, Ralph.</subfield></datafield><datafield ind1="1" ind2="0" tag="245"><subfield code="a">Diccionario zoque de Francisco Le&#243;n /</subfield><subfield code="c">por Ralph Engel y Mary Allhiser de Engel ; colaborador principal, Jos&#233; Mateo Alvarez.</subfield></datafield><datafield ind1="0" ind2=" " tag="260"><subfield code="a">M&#233;xico, D.F. :</subfield><subfield code="b">Instituto Ling&#252;&#237;stico de Verano,</subfield><subfield code="c">1987.</subfield></datafield><datafield ind1=" " ind2=" " tag="300"><subfield code="a">xxxiii, 429 p. :</subfield><subfield code="b">ill. ;</subfield><subfield code="c">23 cm.</subfield></datafield><datafield ind1=" " ind2="0" tag="440"><subfield code="a">Serie de vocabularios y diccionarios ind&#237;genas &quot;Mariano Silva y Aceves&quot; ;</subfield><subfield code="v">n&#250;m. 30</subfield></datafield><datafield ind1=" " ind2=" " tag="500"><subfield code="a">Spanish and Zoque.</subfield></datafield><datafield ind1=" " ind2=" " tag="500"><subfield code="a">Spine title: Zoque de Francisco Le&#243;n.</subfield></datafield><datafield ind1=" " ind2=" " tag="504"><subfield code="a">Includes bibliographical references (p. 426-429).</subfield></datafield><datafield ind1=" " ind2="0" tag="650"><subfield code="a">Zoque language</subfield><subfield code="v">Dictionaries</subfield><subfield code="x">Spanish.</subfield></datafield><datafield ind1=" " ind2="0" tag="650"><subfield code="a">Spanish language</subfield><subfield code="v">Dictionaries</subfield><subfield code="x">Zoque.</subfield></datafield><datafield ind1=" " ind2="0" tag="650"><subfield code="a">Zoque language</subfield><subfield code="x">Grammar.</subfield></datafield><datafield ind1=" " ind2="0" tag="650"><subfield code="a">Zoque language</subfield><subfield code="x">Dialects</subfield><subfield code="z">Mexico</subfield><subfield code="z">Francisco Le&#243;n.</subfield></datafield><datafield ind1="1" ind2="0" tag="700"><subfield code="a">Allhiser de Engel, Mary.</subfield></datafield><datafield ind1="1" ind2="0" tag="700"><subfield code="a">Mateo Alvarez, Jos&#233;.</subfield></datafield><datafield ind1="0" ind2="1" tag="740"><subfield code="a">Zoque de Francisco Le&#243;n.</subfield></datafield><datafield ind1=" " ind2=" " tag="035"><subfield code="a">(TxDaGIAL)37741100007179</subfield></datafield><controlfield tag="005">20080624155148.0</controlfield><controlfield tag="001">2255</controlfield><controlfield tag="003">TxDaGIAL</controlfield><datafield ind1=" " ind2=" " tag="852"><subfield code="p">37741100007179</subfield><subfield code="a">Library</subfield><subfield code="x">COPYID:2676</subfield><subfield code="x">FSC@aRegular@c19950823</subfield><subfield code="h">497.416 E57d 1987</subfield><subfield code="z">13085</subfield></datafield><datafield ind1=" " ind2=" " tag="852"><subfield code="p">37741100007180</subfield><subfield code="a">Library</subfield><subfield code="x">COPYID:2677</subfield><subfield code="x">FSC@aRegular@c19950823</subfield><subfield code="h">497.416 E57d 1987</subfield><subfield code="z">13086</subfield></datafield></record>