
<record><leader>00811nam a2200253 a 4500</leader><controlfield tag="008">831027s1982    cau      d    00010 eng  </controlfield><datafield ind1=" " ind2=" " tag="010"><subfield code="a">   81071736</subfield></datafield><datafield ind1=" " ind2=" " tag="020"><subfield code="a">0890031002</subfield></datafield><datafield ind1=" " ind2=" " tag="020"><subfield code="a">0890031010 (pbk.)</subfield></datafield><datafield ind1=" " ind2=" " tag="040"><subfield code="a">DLC</subfield><subfield code="c">DLC</subfield></datafield><datafield ind1=" " ind2=" " tag="043"><subfield code="a">f-nr---</subfield></datafield><datafield ind1="0" ind2=" " tag="050"><subfield code="a">PJ6901.N53</subfield><subfield code="b">K39 1982</subfield></datafield><datafield ind1="0" ind2=" " tag="082"><subfield code="a">492/.77/09669</subfield><subfield code="2">19</subfield></datafield><datafield ind1="1" ind2="0" tag="100"><subfield code="a">Kaye, Alan S.</subfield></datafield><datafield ind1="1" ind2="2" tag="245"><subfield code="a">A dictionary of Nigerian Arabic /</subfield><subfield code="c">by Alan S. Kaye.</subfield></datafield><datafield ind1="0" ind2=" " tag="260"><subfield code="a">Malibu, CA :</subfield><subfield code="b">Undena Publications,</subfield><subfield code="c">1982.</subfield></datafield><datafield ind1=" " ind2=" " tag="300"><subfield code="a">xvi, 90 p. ;</subfield><subfield code="c">29 cm.</subfield></datafield><datafield ind1=" " ind2="0" tag="440"><subfield code="a">Bibliotheca Afroasiatica ;</subfield><subfield code="v">v. 1</subfield></datafield><datafield ind1=" " ind2="0" tag="650"><subfield code="a">Arabic language</subfield><subfield code="x">Dialects</subfield><subfield code="z">Nigeria</subfield><subfield code="v">Dictionaries.</subfield></datafield><datafield ind1=" " ind2=" " tag="035"><subfield code="a">(TxDaGIAL)37741100007676</subfield></datafield><controlfield tag="005">20080624155151.0</controlfield><controlfield tag="001">2265</controlfield><controlfield tag="003">TxDaGIAL</controlfield><datafield ind1=" " ind2=" " tag="852"><subfield code="p">37741100007676</subfield><subfield code="a">Library</subfield><subfield code="x">COPYID:2687</subfield><subfield code="x">FSC@aRegular@c19950906</subfield><subfield code="h">492.7709669 K23d 1982</subfield><subfield code="z">12196</subfield></datafield></record>