
<record><leader>01125pam a2200289 a 4500</leader><controlfield tag="008">920813s1993    txu      bd  s000 0 eng  </controlfield><datafield ind1=" " ind2=" " tag="010"><subfield code="a">   92030925</subfield></datafield><datafield ind1=" " ind2=" " tag="020"><subfield code="a">0292730772 (alk. paper)</subfield></datafield><datafield ind1=" " ind2=" " tag="040"><subfield code="a">DLC</subfield><subfield code="c">DLC</subfield><subfield code="d">DLC</subfield></datafield><datafield ind1="0" ind2=" " tag="041"><subfield code="a">engnai</subfield></datafield><datafield ind1="0" ind2="0" tag="050"><subfield code="a">PM592</subfield><subfield code="b">.S94 1993</subfield></datafield><datafield ind1="0" ind2="0" tag="082"><subfield code="a">497/.3</subfield><subfield code="2">20</subfield></datafield><datafield ind1="1" ind2=" " tag="100"><subfield code="a">Sylestine, Cora,</subfield><subfield code="d">1914-1991.</subfield></datafield><datafield ind1="1" ind2="0" tag="245"><subfield code="a">Dictionary of the Alabama language /</subfield><subfield code="c">Cora Sylestine, Heather K. Hardy, Timothy Montler ; contributors, Ivey Battise ... [et al.] ; with the assistance of Jack Martin.</subfield></datafield><datafield ind1=" " ind2=" " tag="250"><subfield code="a">1st ed.</subfield></datafield><datafield ind1=" " ind2=" " tag="260"><subfield code="a">Austin :</subfield><subfield code="b">University of Texas Press,</subfield><subfield code="c">1993.</subfield></datafield><datafield ind1=" " ind2=" " tag="300"><subfield code="a">xlix, 715 p. ;</subfield><subfield code="c">25 cm.</subfield></datafield><datafield ind1=" " ind2=" " tag="504"><subfield code="a">Includes bibliographical references (p. xliv-xlv).</subfield></datafield><datafield ind1="0" ind2=" " tag="505"><subfield code="a">Alabama-English dictionary -- English-Alabama finderlist.</subfield></datafield><datafield ind1=" " ind2="0" tag="650"><subfield code="a">Alabama language</subfield><subfield code="v">Dictionaries.</subfield><subfield code="x">English.</subfield></datafield><datafield ind1="1" ind2="0" tag="700"><subfield code="a">Hardy, Heather K.</subfield><subfield code="q">(Heather Kay),</subfield><subfield code="d">1952-</subfield></datafield><datafield ind1="1" ind2="0" tag="700"><subfield code="a">Montler, Timothy.</subfield></datafield><datafield ind1=" " ind2=" " tag="035"><subfield code="a">(TxDaGIAL)37741100003597</subfield></datafield><controlfield tag="005">20080624155153.0</controlfield><controlfield tag="001">2271</controlfield><controlfield tag="003">TxDaGIAL</controlfield><datafield ind1=" " ind2=" " tag="852"><subfield code="p">37741100003597</subfield><subfield code="a">Library</subfield><subfield code="9">$35.00</subfield><subfield code="x">COPYID:2694</subfield><subfield code="x">FSC@aRegular@c19950419</subfield><subfield code="h">497.381 S984d 1993</subfield><subfield code="z">B/T 3-94</subfield></datafield></record>