
<record><leader>01019nam a2200253Ia 4500</leader><controlfield tag="008">741015s1932    dcuc         f000 0 eng u</controlfield><datafield ind1=" " ind2=" " tag="010"><subfield code="a">   32026851</subfield></datafield><datafield ind1=" " ind2=" " tag="035"><subfield code="a">(CU-UC)694870</subfield></datafield><datafield ind1=" " ind2=" " tag="040"><subfield code="c">KEN</subfield><subfield code="d">CU-Riv</subfield><subfield code="d">TxDaGIAL</subfield></datafield><datafield ind1="0" ind2=" " tag="050"><subfield code="a">E51</subfield><subfield code="b">.U6 no.108</subfield><subfield code="a">PM661.Z5G3</subfield></datafield><datafield ind1="1" ind2=" " tag="100"><subfield code="a">Gatschet, Albert S.</subfield><subfield code="q">(Albert Samuel),</subfield><subfield code="d">1832-1907.</subfield></datafield><datafield ind1="1" ind2="2" tag="245"><subfield code="a">A dictionary of the Atakapa language :</subfield><subfield code="b">accompanied by text material /</subfield><subfield code="c">by Albert S. Gatschet and John R. Swanton.</subfield></datafield><datafield ind1=" " ind2=" " tag="260"><subfield code="a">Washington :</subfield><subfield code="b">U.S. Govt. print. off.,</subfield><subfield code="c">1932.</subfield></datafield><datafield ind1=" " ind2=" " tag="300"><subfield code="a">v, 181 p. :</subfield><subfield code="b">port. ;</subfield><subfield code="c">24 cm.</subfield></datafield><datafield ind1=" " ind2="0" tag="440"><subfield code="a">Smithsonian institution.</subfield><subfield code="p">Bureau of American Ethnology ;</subfield><subfield code="v">bulletin 108</subfield></datafield><datafield ind1=" " ind2=" " tag="546"><subfield code="a">English.</subfield></datafield><datafield ind1=" " ind2="0" tag="650"><subfield code="a">English language</subfield><subfield code="v">Dictionaries</subfield><subfield code="x">Attacapa.</subfield></datafield><datafield ind1=" " ind2="0" tag="650"><subfield code="a">Atakapa language</subfield><subfield code="v">Dictionaries</subfield><subfield code="x">English.</subfield></datafield><datafield ind1="1" ind2="0" tag="700"><subfield code="a">Swanton, John Reed,</subfield><subfield code="d">1873-1958.</subfield></datafield><datafield ind1=" " ind2=" " tag="035"><subfield code="a">(TxDaGIAL)37741100018209</subfield></datafield><controlfield tag="005">20080624155153.0</controlfield><controlfield tag="001">2272</controlfield><controlfield tag="003">TxDaGIAL</controlfield><datafield ind1=" " ind2=" " tag="852"><subfield code="p">37741100018209</subfield><subfield code="a">Library</subfield><subfield code="x">COPYID:2695</subfield><subfield code="x">FSC@aRegular@c19970605</subfield><subfield code="h">306.05 S664b 108 1932</subfield><subfield code="z">Canadian SIL</subfield></datafield></record>