
<record><leader>01564nam a2200313Ii 4500</leader><controlfield tag="008">750429 1938    onc             0 0 eng u</controlfield><datafield ind1=" " ind2=" " tag="010"><subfield code="a">   40017487</subfield></datafield><datafield ind1=" " ind2=" " tag="035"><subfield code="a">(CU-UC)3285337</subfield></datafield><datafield ind1=" " ind2=" " tag="040"><subfield code="c">IXA</subfield><subfield code="d">CLU</subfield></datafield><datafield ind1="0" ind2=" " tag="050"><subfield code="a">PM988</subfield><subfield code="b">.W3 1938</subfield></datafield><datafield ind1="1" ind2="0" tag="100"><subfield code="a">Watkins, Edwin Arthur.</subfield></datafield><datafield ind1="1" ind2="2" tag="245"><subfield code="a">A dictionary of the Cree language :</subfield><subfield code="b">as spoken by the Indians in the provinces of Quebec, Ontario, Manitoba, Saskatchewan and Alberta. /</subfield><subfield code="c">Based upon the foundation laid by Rev. E. A. Watkins ... Revised, enriched and brought up to date by the late Ven. J. A. Mackay ... Ven. R. Faries ... Rev. Canon Edward Ahenakew ... Rev. R. B. Horsefield ... [and] Right Rev. J. G. Anderson ... bishop of Moosonee. Edited by Ven R. Faries ...</subfield></datafield><datafield ind1="0" ind2=" " tag="260"><subfield code="a">Toronto, Ont. :</subfield><subfield code="b">Pub. under the direction of the General synod of the Church of England in Canada,</subfield><subfield code="c">c1938.</subfield></datafield><datafield ind1=" " ind2=" " tag="300"><subfield code="a">1p. l., ix, [1], 530 p. ;</subfield><subfield code="c">20 cm.</subfield></datafield><datafield ind1=" " ind2=" " tag="500"><subfield code="a">"Mackay memorial Cree dictionary".-- Foreword.</subfield></datafield><datafield ind1=" " ind2=" " tag="546"><subfield code="a">English.</subfield></datafield><datafield ind1=" " ind2="0" tag="650"><subfield code="a">Cree language</subfield><subfield code="v">Dictionaries</subfield><subfield code="x">English.</subfield></datafield><datafield ind1=" " ind2="0" tag="650"><subfield code="a">English language</subfield><subfield code="v">Dictionaries</subfield><subfield code="x">Cree.</subfield></datafield><datafield ind1="1" ind2="0" tag="700"><subfield code="a">Mackay, J. A.</subfield><subfield code="q">(John Alexander),</subfield><subfield code="d">1838-1923,</subfield><subfield code="e">ed.</subfield></datafield><datafield ind1="1" ind2="0" tag="700"><subfield code="a">Faries, Richard,</subfield><subfield code="e">ed.</subfield></datafield><datafield ind1="1" ind2="0" tag="700"><subfield code="a">Ahenakew, Edward,</subfield><subfield code="e">ed.</subfield></datafield><datafield ind1="1" ind2="0" tag="700"><subfield code="a">Horsefield, Raymond Bell,</subfield><subfield code="e">ed.</subfield></datafield><datafield ind1="1" ind2="0" tag="700"><subfield code="a">Anderson, John George,</subfield><subfield code="d">b. 1866,</subfield><subfield code="e">ed.</subfield></datafield><datafield ind1="2" ind2="0" tag="710"><subfield code="a">Church of England in Canada.</subfield><subfield code="b">General synod.</subfield></datafield><datafield ind1=" " ind2=" " tag="035"><subfield code="a">(TxDaGIAL)37741100016193</subfield></datafield><controlfield tag="005">20080624155154.0</controlfield><controlfield tag="001">2274</controlfield><controlfield tag="003">TxDaGIAL</controlfield><datafield ind1=" " ind2=" " tag="852"><subfield code="p">37741100016193</subfield><subfield code="a">Library</subfield><subfield code="x">COPYID:2697</subfield><subfield code="x">FSC@aRegular@c19970325</subfield><subfield code="h">497.33 F224d 1938</subfield><subfield code="z">1756</subfield></datafield></record>