
<record><leader>01135cam a2200265Ia 4500</leader><controlfield tag="008">740918s1932    dcu      d   f000 0 eng  </controlfield><datafield ind1=" " ind2=" " tag="010"><subfield code="a">   32026841</subfield></datafield><datafield ind1=" " ind2=" " tag="035"><subfield code="a">(CU-UC)694736</subfield></datafield><datafield ind1=" " ind2=" " tag="040"><subfield code="a">DLC</subfield><subfield code="c">KEN</subfield><subfield code="d">OCoLC</subfield><subfield code="d">m.c.</subfield><subfield code="d">CU-Riv</subfield><subfield code="d">TxDaGIAL</subfield></datafield><datafield ind1="0" ind2=" " tag="050"><subfield code="a">E51</subfield><subfield code="b">U6 no. 109</subfield></datafield><datafield ind1="1" ind2=" " tag="100"><subfield code="a">La Flesche, Francis,</subfield><subfield code="d">d. 1932.</subfield></datafield><datafield ind1="1" ind2="2" tag="245"><subfield code="a">A dictionary of the Osage language /</subfield><subfield code="c">by Francis La Flesche.</subfield></datafield><datafield ind1=" " ind2=" " tag="260"><subfield code="a">Washington :</subfield><subfield code="b">U.S. Govt. print. off.,</subfield><subfield code="c">1932.</subfield></datafield><datafield ind1=" " ind2=" " tag="300"><subfield code="a">v, 406 p. ;</subfield><subfield code="c">24 cm.</subfield></datafield><datafield ind1=" " ind2="0" tag="440"><subfield code="a">Smithsonian institution.</subfield><subfield code="p">Bureau of American Ethnology ;</subfield><subfield code="v">bulletin 109</subfield></datafield><datafield ind1="0" ind2=" " tag="505"><subfield code="a">Osage-English dictionary.--English-Osage dictionary.--Appendix: days and months. Description of Wi-gi-es. Legends. Paraphrases of Wi-gi-es. Sayings and expressions. Stories.</subfield></datafield><datafield ind1=" " ind2=" " tag="546"><subfield code="a">English.</subfield></datafield><datafield ind1=" " ind2="0" tag="650"><subfield code="a">Osage language</subfield><subfield code="v">Dictionaries</subfield><subfield code="x">English.</subfield></datafield><datafield ind1=" " ind2="0" tag="650"><subfield code="a">English language</subfield><subfield code="v">Dictionaries</subfield><subfield code="x">Osage.</subfield></datafield><datafield ind1=" " ind2="0" tag="650"><subfield code="a">Osage Indians</subfield><subfield code="x">Religion and mythology.</subfield></datafield><datafield ind1=" " ind2=" " tag="035"><subfield code="a">(TxDaGIAL)37741100018210</subfield></datafield><controlfield tag="005">20080624155154.0</controlfield><controlfield tag="001">2275</controlfield><controlfield tag="003">TxDaGIAL</controlfield><datafield ind1=" " ind2=" " tag="852"><subfield code="p">37741100018210</subfield><subfield code="a">Library</subfield><subfield code="x">COPYID:2698</subfield><subfield code="x">FSC@aRegular@c19970605</subfield><subfield code="h">306.05 S664b 109 1932</subfield><subfield code="z">Canadian SIL</subfield></datafield></record>