
<record><leader>00820nam a2200241 i 4500</leader><controlfield tag="008">780809s1977    ii       d    00010 eng  </controlfield><datafield ind1=" " ind2=" " tag="010"><subfield code="a">   78670100</subfield></datafield><datafield ind1=" " ind2=" " tag="020"><subfield code="c">Rsl.75</subfield></datafield><datafield ind1=" " ind2=" " tag="040"><subfield code="a">DLC</subfield><subfield code="c">DLC</subfield><subfield code="d">TxDaGIAL</subfield></datafield><datafield ind1="0" ind2=" " tag="041"><subfield code="a">enghinurd</subfield></datafield><datafield ind1="0" ind2=" " tag="050"><subfield code="a">PK1976</subfield><subfield code="b">.P57 1977</subfield></datafield><datafield ind1="0" ind2=" " tag="082"><subfield code="a">413</subfield></datafield><datafield ind1="1" ind2="0" tag="100"><subfield code="a">Platts, John T.</subfield><subfield code="q">(John Thompson),</subfield><subfield code="d">1830-1904.</subfield></datafield><datafield ind1="1" ind2="2" tag="245"><subfield code="a">A dictionary of Urd&#363;, classical Hind&#299;, and English /</subfield><subfield code="c">by John T. Platts.</subfield></datafield><datafield ind1="0" ind2=" " tag="260"><subfield code="a">Oxford :</subfield><subfield code="b">Oxford University Press,</subfield><subfield code="c">1960.</subfield></datafield><datafield ind1=" " ind2=" " tag="300"><subfield code="a">viii, 1259 p. ;</subfield><subfield code="c">26 cm.</subfield></datafield><datafield ind1=" " ind2="0" tag="650"><subfield code="a">Urdu language</subfield><subfield code="v">Dictionaries</subfield><subfield code="x">Hindi.</subfield></datafield><datafield ind1=" " ind2="0" tag="650"><subfield code="a">Urdu language</subfield><subfield code="v">Dictionaries</subfield><subfield code="x">English.</subfield></datafield><datafield ind1=" " ind2=" " tag="035"><subfield code="a">(TxDaGIAL)37741100003993</subfield></datafield><controlfield tag="005">20080624155154.0</controlfield><controlfield tag="001">2277</controlfield><controlfield tag="003">TxDaGIAL</controlfield><datafield ind1=" " ind2=" " tag="852"><subfield code="p">37741100003993</subfield><subfield code="a">Library</subfield><subfield code="9">$0.00</subfield><subfield code="x">COPYID:2700</subfield><subfield code="x">FSC@aRegular@c19950508</subfield><subfield code="h">491.43 P719d 1960</subfield><subfield code="z">13133</subfield></datafield></record>