
<record><leader>01434cam a2200337   4500</leader><controlfield tag="008">690609s1969    azua     bd   00010 eng  </controlfield><datafield ind1=" " ind2=" " tag="010"><subfield code="a">   77077801 //r84</subfield></datafield><datafield ind1=" " ind2=" " tag="020"><subfield code="a">0816502501</subfield></datafield><datafield ind1=" " ind2=" " tag="040"><subfield code="a">DLC</subfield><subfield code="c">DLC</subfield><subfield code="d">TxDaGIAL</subfield></datafield><datafield ind1="0" ind2=" " tag="041"><subfield code="a">engcai</subfield></datafield><datafield ind1="0" ind2=" " tag="050"><subfield code="a">PM4176</subfield><subfield code="b">.S2</subfield></datafield><datafield ind1=" " ind2=" " tag="082"><subfield code="a">497/.4</subfield></datafield><datafield ind1="1" ind2="0" tag="100"><subfield code="a">Saxton, Dean.</subfield></datafield><datafield ind1="1" ind2="0" tag="245"><subfield code="a">Dictionary: Papago &amp; Pima to English, O'odham-Mil-gahn; English to Papago &amp; Pima, Mil-gahn-O'odham. /</subfield><subfield code="c">compiled by Dean and Lucille Saxton.</subfield></datafield><datafield ind1="0" ind2=" " tag="260"><subfield code="a">Tucson :</subfield><subfield code="b">University of Arizona Press,</subfield><subfield code="c">c1969.</subfield></datafield><datafield ind1=" " ind2=" " tag="300"><subfield code="a">191 p. :</subfield><subfield code="b">illus., maps. ;</subfield><subfield code="c">22 cm.</subfield></datafield><datafield ind1=" " ind2=" " tag="500"><subfield code="a">"Compiled during field work in villages of the Papago Indian Reservation under the direction of the Summer Institute of Linguistics from 1953 to the present."</subfield></datafield><datafield ind1=" " ind2=" " tag="504"><subfield code="a">Bibliography: p. 190-191.</subfield></datafield><datafield ind1=" " ind2="0" tag="650"><subfield code="a">Tohono O'Odham dialect</subfield><subfield code="v">Dictionaries</subfield><subfield code="x">English.</subfield></datafield><datafield ind1=" " ind2="0" tag="650"><subfield code="a">English language</subfield><subfield code="v">Dictionaries</subfield><subfield code="x">Papago.</subfield></datafield><datafield ind1=" " ind2="0" tag="650"><subfield code="a">Pima language</subfield><subfield code="v">Dictionaries</subfield><subfield code="x">English.</subfield></datafield><datafield ind1=" " ind2="0" tag="650"><subfield code="a">English language</subfield><subfield code="v">Dictionaries</subfield><subfield code="x">Pima.</subfield></datafield><datafield ind1=" " ind2="0" tag="650"><subfield code="a">Piman languages.</subfield></datafield><datafield ind1="1" ind2="0" tag="700"><subfield code="a">Saxton, Lucille,</subfield><subfield code="e">joint author.</subfield></datafield><datafield ind1="2" ind2="0" tag="710"><subfield code="a">Summer Institute of Linguistics.</subfield></datafield><datafield ind1=" " ind2=" " tag="035"><subfield code="a">(TxDaGIAL)37741100007080</subfield></datafield><controlfield tag="005">20080624155155.0</controlfield><controlfield tag="001">2278</controlfield><controlfield tag="003">TxDaGIAL</controlfield><datafield ind1=" " ind2=" " tag="852"><subfield code="p">37741100007080</subfield><subfield code="a">Library</subfield><subfield code="x">COPYID:2701</subfield><subfield code="x">FSC@aRegular@c19950822</subfield><subfield code="h">497.45 S273d 1969</subfield><subfield code="z">4204</subfield></datafield><datafield ind1=" " ind2=" " tag="852"><subfield code="p">37741100000052</subfield><subfield code="a">Library</subfield><subfield code="x">COPYID:2702</subfield><subfield code="x">FSC@aRegular@c19960315</subfield><subfield code="h">497.45 S273d 1969</subfield><subfield code="z">gift</subfield></datafield></record>