
<record><leader>01421nam a2200313 a 4500</leader><controlfield tag="008">940209s1966    ii       d    000 0 eng d</controlfield><datafield ind1=" " ind2=" " tag="010"><subfield code="a">   94116424</subfield></datafield><datafield ind1=" " ind2=" " tag="035"><subfield code="a">(OCoLC)13887303</subfield></datafield><datafield ind1=" " ind2=" " tag="040"><subfield code="a">NN</subfield><subfield code="c">NN</subfield><subfield code="d">m.c.</subfield><subfield code="d">DLC</subfield></datafield><datafield ind1="0" ind2=" " tag="041"><subfield code="a">engtel</subfield></datafield><datafield ind1=" " ind2=" " tag="042"><subfield code="a">lccopycat</subfield></datafield><datafield ind1="0" ind2="0" tag="050"><subfield code="a">PL4476</subfield><subfield code="b">.B73 1966</subfield></datafield><datafield ind1="0" ind2="0" tag="082"><subfield code="a">494/.827321</subfield><subfield code="2">20</subfield></datafield><datafield ind1="1" ind2=" " tag="100"><subfield code="a">Brown, Charles Philip,</subfield><subfield code="d">1798-1884.</subfield></datafield><datafield ind1="1" ind2="2" tag="245"><subfield code="a">A dictionary, Telugu and English :</subfield><subfield code="b">explaining the colloquial style used in business and the poetical dialect, with explanations in English and in Telugu /</subfield><subfield code="c">by Charles Philip Brown.</subfield></datafield><datafield ind1=" " ind2=" " tag="260"><subfield code="a">Hyderabad :</subfield><subfield code="b">Andhra Pradesh Sahithya Akademi,</subfield><subfield code="c">[1966]</subfield></datafield><datafield ind1=" " ind2=" " tag="300"><subfield code="a">xxi, 1330, xxxii, 131 p. ;</subfield><subfield code="c">26 cm.</subfield></datafield><datafield ind1=" " ind2=" " tag="500"><subfield code="a">Added t. p. in Telugu and English: Brau&#7751;ya Telugu nigha&#7749;&#7789;u, Telugu English dictionary (reprint of 1852 edition)</subfield></datafield><datafield ind1=" " ind2=" " tag="500"><subfield code="a">Bound with the author's A dictionary of the mixed dialects and foreign words used in Telugu. Hyderabad [1966?]: p. xxxii, 131.</subfield></datafield><datafield ind1=" " ind2=" " tag="500"><subfield code="a">Appendix: p. [1173]-1330.</subfield></datafield><datafield ind1=" " ind2="0" tag="650"><subfield code="a">Telugu language</subfield><subfield code="v">Dictionaries</subfield><subfield code="x">English.</subfield></datafield><datafield ind1="0" ind2="1" tag="740"><subfield code="a">Telugu English dictionary.</subfield></datafield><datafield ind1="0" ind2="1" tag="740"><subfield code="a">Brau&#7751;ya Telugu nigha&#7749;&#7789;u.</subfield></datafield><datafield ind1="0" ind2="1" tag="740"><subfield code="a">Dictionary of the mixed dialects and foreign words used in Telugu.</subfield></datafield><datafield ind1=" " ind2=" " tag="035"><subfield code="a">(TxDaGIAL)37741100007633</subfield></datafield><controlfield tag="005">20080624155155.0</controlfield><controlfield tag="001">2279</controlfield><controlfield tag="003">TxDaGIAL</controlfield><datafield ind1=" " ind2=" " tag="852"><subfield code="p">37741100007633</subfield><subfield code="a">Library</subfield><subfield code="x">COPYID:2703</subfield><subfield code="x">FSC@aRegular@c19950906</subfield><subfield code="h">494.827321 B877d 1966</subfield><subfield code="z">12284</subfield></datafield></record>