
<record><leader>00996nam a2200253 a 4500</leader><controlfield tag="008">970305s1985    ph            001 0 eng d</controlfield><datafield ind1=" " ind2=" " tag="020"><subfield code="a">9711340046</subfield></datafield><datafield ind1=" " ind2=" " tag="040"><subfield code="a">TxDaGIAL</subfield><subfield code="c">TxDaGIAL</subfield></datafield><datafield ind1="1" ind2=" " tag="041"><subfield code="a">engtag</subfield><subfield code="h">eng</subfield></datafield><datafield ind1="0" ind2="4" tag="082"><subfield code="a">423.99211</subfield><subfield code="2">21</subfield></datafield><datafield ind1="1" ind2=" " tag="100"><subfield code="a">Parnell, E. C.</subfield></datafield><datafield ind1="1" ind2="0" tag="240"><subfield code="a">Oxford English picture dictionary.</subfield><subfield code="l">Tagalog</subfield></datafield><datafield ind1="1" ind2="0" tag="245"><subfield code="a">Diksyunaryong isinalarawan :</subfield><subfield code="b">English - Pilipino /</subfield><subfield code="c">E.C. Parnwell ; translations in Pilipino by Gloria Villaraza Guzman; illustrations by Corinne Clarke and Ray Burrows.</subfield></datafield><datafield ind1=" " ind2=" " tag="260"><subfield code="a">Manila :</subfield><subfield code="b">The Bookmark, Inc. :</subfield><subfield code="b">Oxford University Press,</subfield><subfield code="c">1985.</subfield></datafield><datafield ind1=" " ind2=" " tag="300"><subfield code="a">102 p. :</subfield><subfield code="b">ill, maps ;</subfield><subfield code="c">22 cm.</subfield></datafield><datafield ind1=" " ind2=" " tag="500"><subfield code="a">Includes indexes.</subfield></datafield><datafield ind1=" " ind2=" " tag="546"><subfield code="a">In English and Tagalog.</subfield></datafield><datafield ind1=" " ind2="0" tag="650"><subfield code="a">English language</subfield><subfield code="v">Dictionaries</subfield><subfield code="x">Tagalog.</subfield></datafield><datafield ind1=" " ind2="0" tag="650"><subfield code="a">Picture dictionaries, Tagalog.</subfield></datafield><datafield ind1=" " ind2=" " tag="035"><subfield code="a">(TxDaGIAL)37741100015597</subfield></datafield><controlfield tag="005">20080624155157.0</controlfield><controlfield tag="001">2289</controlfield><controlfield tag="003">TxDaGIAL</controlfield><datafield ind1=" " ind2=" " tag="852"><subfield code="p">37741100015597</subfield><subfield code="a">Library</subfield><subfield code="x">COPYID:2714</subfield><subfield code="x">FSC@aRegular@c19970305</subfield><subfield code="h">423.992141 P256d 1985</subfield><subfield code="z">Cellar</subfield></datafield></record>