
<record><leader>01098nam a2200277 a 4500</leader><controlfield tag="008">880324s1988    txua     b    00010 eng  </controlfield><datafield ind1=" " ind2=" " tag="010"><subfield code="a">   88060939</subfield></datafield><datafield ind1=" " ind2=" " tag="020"><subfield code="a">0883120089 (pbk.)</subfield></datafield><datafield ind1=" " ind2=" " tag="040"><subfield code="a">DLC</subfield><subfield code="c">DLC</subfield><subfield code="d">TxDaGIAL</subfield></datafield><datafield ind1="0" ind2=" " tag="050"><subfield code="a">PL8131.1</subfield><subfield code="b">.M3 1988</subfield></datafield><datafield ind1="0" ind2=" " tag="082"><subfield code="a">496/.5</subfield><subfield code="2">20</subfield></datafield><datafield ind1="1" ind2="0" tag="100"><subfield code="a">Malou, Job.</subfield></datafield><datafield ind1="1" ind2="0" tag="245"><subfield code="a">Dinka vowel system /</subfield><subfield code="c">Job Malou.</subfield></datafield><datafield ind1="0" ind2=" " tag="260"><subfield code="a">Dallas, TX :</subfield><subfield code="b">Summer Institute of Linguistics ;</subfield><subfield code="a">[Arlington] :</subfield><subfield code="b">University of Texas at Arlington,</subfield><subfield code="c">1988.</subfield></datafield><datafield ind1=" " ind2=" " tag="300"><subfield code="a">x, 89 p. :</subfield><subfield code="b">ill. ;</subfield><subfield code="c">23 cm.</subfield></datafield><datafield ind1=" " ind2="0" tag="440"><subfield code="a">Summer Institute of Linguistics publications in linguistics ;</subfield><subfield code="v">82</subfield></datafield><datafield ind1=" " ind2=" " tag="504"><subfield code="a">Bibliography: p. 85-89.</subfield></datafield><datafield ind1=" " ind2=" " tag="500"><subfield code="a">Originally appeared as author's thesis (M.A.--University of Texas at Arlington, 1983)</subfield></datafield><datafield ind1=" " ind2="0" tag="650"><subfield code="a">Dinka language</subfield><subfield code="x">Vowels.</subfield></datafield><datafield ind1=" " ind2="0" tag="650"><subfield code="a">Dinka language</subfield><subfield code="x">Phonetics.</subfield></datafield><datafield ind1=" " ind2=" " tag="035"><subfield code="a">(TxDaGIAL)37741100003627</subfield></datafield><controlfield tag="005">20080624155159.0</controlfield><controlfield tag="001">2296</controlfield><controlfield tag="003">TxDaGIAL</controlfield><datafield ind1=" " ind2=" " tag="852"><subfield code="p">37741100003627</subfield><subfield code="a">Library</subfield><subfield code="x">COPYID:2723</subfield><subfield code="x">FSC@aRegular@c19950419</subfield><subfield code="h">496.5 M258d 1988</subfield><subfield code="z">13907</subfield></datafield><datafield ind1=" " ind2=" " tag="852"><subfield code="p">37741100003628</subfield><subfield code="a">Library</subfield><subfield code="x">COPYID:2724</subfield><subfield code="x">FSC@aRegular@c19950419</subfield><subfield code="h">496.5 M258d 1988</subfield><subfield code="z">13908</subfield></datafield></record>