
<record><leader>00811nam a2200217 a 4500</leader><controlfield tag="008">970411s1985    txu           000 0 eng d</controlfield><datafield ind1=" " ind2=" " tag="040"><subfield code="a">TxDaGIAL</subfield><subfield code="c">TxDaGIAL</subfield></datafield><datafield ind1=" " ind2=" " tag="094"><subfield code="a">mcb00</subfield><subfield code="2">ROPAL</subfield></datafield><datafield ind1="1" ind2=" " tag="100"><subfield code="a">Carlson, Sylvia Elizabeth.</subfield></datafield><datafield ind1="1" ind2="2" tag="245"><subfield code="a">A discourse analysis of a Machiguenga text /</subfield><subfield code="c">by Sylvia Elizabeth Carlson.</subfield></datafield><datafield ind1=" " ind2=" " tag="260"><subfield code="c">1985.</subfield></datafield><datafield ind1=" " ind2=" " tag="300"><subfield code="a">ix, 121 leaves ;</subfield><subfield code="c">28 cm.</subfield></datafield><datafield ind1=" " ind2=" " tag="502"><subfield code="a">Thesis (M.A.)--University of Texas at Arlington, 1985.</subfield></datafield><datafield ind1=" " ind2=" " tag="504"><subfield code="a">Bibliography : leaves 118-121.</subfield></datafield><datafield ind1=" " ind2="0" tag="650"><subfield code="a">Machiguenga language</subfield><subfield code="x">Discourse analysis.</subfield></datafield><datafield ind1="2" ind2="0" tag="610"><subfield code="a">University of Texas at Arlington.</subfield><subfield code="b">Graduate School</subfield><subfield code="x">Dissertations.</subfield></datafield><datafield ind1=" " ind2=" " tag="035"><subfield code="a">(TxDaGIAL)37741100016743</subfield></datafield><controlfield tag="005">20080624155205.0</controlfield><controlfield tag="001">2319</controlfield><controlfield tag="003">TxDaGIAL</controlfield><datafield ind1=" " ind2=" " tag="852"><subfield code="p">37741100016743</subfield><subfield code="a">Library</subfield><subfield code="x">COPYID:2747</subfield><subfield code="x">FSC@aRegular@c19970414</subfield><subfield code="h">498.393 C284d 1985</subfield><subfield code="z">11547</subfield></datafield></record>