
<record><leader>00923cam a2200229 a 4500</leader><controlfield tag="008">970226s1995    xx d     bm   000 0 eng d</controlfield><datafield ind1=" " ind2=" " tag="040"><subfield code="a">TxDaGIAL</subfield><subfield code="c">TxDaGIAL</subfield><subfield code="d">TxDaGIAL</subfield></datafield><datafield ind1="0" ind2=" " tag="041"><subfield code="a">engtha</subfield></datafield><datafield ind1="1" ind2=" " tag="100"><subfield code="a">Chalermchai Chaichompoo.</subfield></datafield><datafield ind1="1" ind2="2" tag="245"><subfield code="a">A discourse analysis of Lanna Buddhist sermons /</subfield><subfield code="c">Chalermchai Chaichompoo.</subfield></datafield><datafield ind1=" " ind2=" " tag="260"><subfield code="c">1995.</subfield></datafield><datafield ind1=" " ind2=" " tag="300"><subfield code="a">ix, 194 leaves :</subfield><subfield code="b">ill. ;</subfield><subfield code="c">30 cm.</subfield></datafield><datafield ind1=" " ind2=" " tag="502"><subfield code="a">Thesis (M. A.) -- Mahidol University, Thailand, 1995.</subfield></datafield><datafield ind1=" " ind2=" " tag="504"><subfield code="a">Includes bibliographical references (leaves [137]-140).</subfield></datafield><datafield ind1=" " ind2="0" tag="650"><subfield code="a">Northern Thai language</subfield><subfield code="x">Discourse analysis.</subfield></datafield><datafield ind1=" " ind2="0" tag="650"><subfield code="a">Sermons, Buddhist</subfield><subfield code="x">Discourse analysis.</subfield></datafield><datafield ind1="2" ind2="0" tag="610"><subfield code="a">Mah&#257;witthay&#257;lai Mahidon.</subfield><subfield code="b">Faculty of Graduate Studies</subfield><subfield code="x">Dissertations.</subfield></datafield><datafield ind1=" " ind2=" " tag="035"><subfield code="a">(TxDaGIAL)37741100015463</subfield></datafield><controlfield tag="005">20080624155206.0</controlfield><controlfield tag="001">2325</controlfield><controlfield tag="003">TxDaGIAL</controlfield><datafield ind1=" " ind2=" " tag="852"><subfield code="p">37741100015463</subfield><subfield code="a">Library</subfield><subfield code="9">$0.00</subfield><subfield code="x">COPYID:2756</subfield><subfield code="x">FSC@aRegular@c19970226</subfield><subfield code="h">495.910141 C436d 1995</subfield><subfield code="z">author gift</subfield></datafield></record>