
<record><leader>00758Qam a2200217Ia 4500</leader><controlfield tag="008">850225s1984    inu      b    000 0 eng d</controlfield><datafield ind1=" " ind2=" " tag="035"><subfield code="a">(CU-UC)dlaisn2216449</subfield></datafield><datafield ind1=" " ind2=" " tag="040"><subfield code="a">UIU</subfield><subfield code="c">UIU</subfield><subfield code="d">CU-SC</subfield></datafield><datafield ind1="1" ind2=" " tag="100"><subfield code="a">Chen, Ping.</subfield></datafield><datafield ind1="1" ind2="2" tag="245"><subfield code="a">A discourse analysis of third person anaphora in Chinese /</subfield><subfield code="c">by Ping Chen.</subfield></datafield><datafield ind1=" " ind2=" " tag="260"><subfield code="a">Bloomington, Ind. :</subfield><subfield code="b">Indiana University Lunguistics Club,</subfield><subfield code="c">1984.</subfield></datafield><datafield ind1=" " ind2=" " tag="300"><subfield code="a">vi, 49 p. ;</subfield><subfield code="c">28 cm.</subfield></datafield><datafield ind1=" " ind2=" " tag="504"><subfield code="a">Bibliography: p. 48-49.</subfield></datafield><datafield ind1=" " ind2=" " tag="546"><subfield code="a">English.</subfield></datafield><datafield ind1=" " ind2="0" tag="650"><subfield code="a">Chinese language</subfield><subfield code="x">Discourse analysis.</subfield></datafield><datafield ind1=" " ind2="0" tag="650"><subfield code="a">Chinese language</subfield><subfield code="x">Syntax.</subfield></datafield><datafield ind1=" " ind2=" " tag="035"><subfield code="a">(TxDaGIAL)37741100014889</subfield></datafield><controlfield tag="005">20080624155206.0</controlfield><controlfield tag="001">2326</controlfield><controlfield tag="003">TxDaGIAL</controlfield><datafield ind1=" " ind2=" " tag="852"><subfield code="p">37741100014889</subfield><subfield code="a">Library</subfield><subfield code="x">COPYID:2757</subfield><subfield code="x">FSC@aRegular@c19970203</subfield><subfield code="h">495.10141 C518d 1984</subfield><subfield code="z">10663</subfield></datafield></record>