
<record><leader>00791nam a2200205 i 4500</leader><controlfield tag="008">951220s1995    txu           000 0 eng d</controlfield><datafield ind1=" " ind2=" " tag="040"><subfield code="a">TxDaGIAL</subfield><subfield code="c">TxDaGIAL</subfield></datafield><datafield ind1="1" ind2=" " tag="100"><subfield code="a">Walters, Dennis Elton.</subfield></datafield><datafield ind1="1" ind2="0" tag="245"><subfield code="a">Discourse based evidence for an ergative analysis of Cebuano /</subfield><subfield code="c">by Dennis Elton Walters.</subfield></datafield><datafield ind1=" " ind2=" " tag="260"><subfield code="c">1995.</subfield></datafield><datafield ind1=" " ind2=" " tag="300"><subfield code="a">xii, 101 leaves ;</subfield><subfield code="c">29 cm.</subfield></datafield><datafield ind1=" " ind2=" " tag="502"><subfield code="a">Thesis (M.A.)--University of Texas at Arlington, 1995.</subfield></datafield><datafield ind1=" " ind2=" " tag="504"><subfield code="a">Includes bibliographical references (l. 95-101).</subfield></datafield><datafield ind1=" " ind2="0" tag="650"><subfield code="a">Cebuano language.</subfield></datafield><datafield ind1="2" ind2="0" tag="610"><subfield code="a">University of Texas at Arlington.</subfield><subfield code="b">Graduate School.</subfield></datafield><datafield ind1=" " ind2=" " tag="035"><subfield code="a">(TxDaGIAL)37741100010320</subfield></datafield><controlfield tag="005">20080624155209.0</controlfield><controlfield tag="001">2334</controlfield><controlfield tag="003">TxDaGIAL</controlfield><datafield ind1=" " ind2=" " tag="852"><subfield code="p">37741100010320</subfield><subfield code="a">Library</subfield><subfield code="9">$0.00</subfield><subfield code="x">COPYID:2767</subfield><subfield code="x">FSC@aRegular@c19951220</subfield><subfield code="h">499.2156 W235d 1995</subfield><subfield code="z">author gift 1995</subfield></datafield></record>