
<record><leader>00663cam a2200193 i 4500</leader><controlfield tag="008">800423s1977    txu      b   s00010 eng  </controlfield><datafield ind1=" " ind2=" " tag="040"><subfield code="a">TxDaGIAL</subfield><subfield code="c">TxDaGIAL</subfield></datafield><datafield ind1="1" ind2="0" tag="100"><subfield code="a">Walrod, Michael R.</subfield></datafield><datafield ind1="1" ind2="0" tag="245"><subfield code="a">Discourse grammar in Ga&#697;dang /</subfield><subfield code="c">by Michael Ross Walrod.</subfield></datafield><datafield ind1=" " ind2=" " tag="260"><subfield code="c">1977.</subfield></datafield><datafield ind1=" " ind2=" " tag="300"><subfield code="a">xii, 163 leaves ;</subfield><subfield code="c">30 cm.</subfield></datafield><datafield ind1=" " ind2=" " tag="502"><subfield code="a">Thesis (M.A.)--University of Texas at Arlington, 1977.</subfield></datafield><datafield ind1=" " ind2=" " tag="504"><subfield code="a">Bibliography: leaves 161-163.</subfield></datafield><datafield ind1=" " ind2="0" tag="650"><subfield code="a">Gaddang language</subfield><subfield code="x">Discourse analysis.</subfield></datafield><datafield ind1=" " ind2=" " tag="035"><subfield code="a">(TxDaGIAL)37741100011169</subfield></datafield><controlfield tag="005">20080624155210.0</controlfield><controlfield tag="001">2339</controlfield><controlfield tag="003">TxDaGIAL</controlfield><datafield ind1=" " ind2=" " tag="852"><subfield code="p">37741100011169</subfield><subfield code="a">Library</subfield><subfield code="x">COPYID:2774</subfield><subfield code="x">FSC@aRegular@c19960426</subfield><subfield code="h">499.2126 W221d 1977</subfield></datafield></record>