
<record><leader>00902nam a22002411  4500</leader><controlfield tag="008">941102s1994    xxua          000 0 eng d</controlfield><datafield ind1=" " ind2=" " tag="040"><subfield code="a">TxArU</subfield><subfield code="c">TxDaGIAL</subfield><subfield code="d">TxDaGIAL</subfield></datafield><datafield ind1=" " ind2=" " tag="050"><subfield code="a">LD 5315</subfield><subfield code="b">.B56</subfield></datafield><datafield ind1="1" ind2=" " tag="100"><subfield code="a">Block, Karen Louise.</subfield></datafield><datafield ind1="1" ind2="0" tag="245"><subfield code="a">Discourse grammar of first person narrative in Plang /</subfield><subfield code="c">by Karen Louise Block.</subfield></datafield><datafield ind1=" " ind2=" " tag="260"><subfield code="c">1994.</subfield></datafield><datafield ind1=" " ind2=" " tag="300"><subfield code="a">xii, 168 leaves :</subfield><subfield code="b">ill. ;</subfield><subfield code="c">30 cm.</subfield></datafield><datafield ind1=" " ind2=" " tag="502"><subfield code="a">Thesis (M.A.)--University of Texas at Arlington, 1994.</subfield></datafield><datafield ind1=" " ind2=" " tag="504"><subfield code="a">Includes bibliographic references (leaves 165-168).</subfield></datafield><datafield ind1=" " ind2="0" tag="650"><subfield code="a">Mon Khmer languages.</subfield></datafield><datafield ind1="2" ind2="0" tag="610"><subfield code="a">University of Texas at Arlington.</subfield><subfield code="b">Graduate School.</subfield></datafield><datafield ind1=" " ind2="0" tag="650"><subfield code="a">Blang language.</subfield></datafield><datafield ind1=" " ind2="0" tag="650"><subfield code="a">Blang (Southeast Asian people)</subfield></datafield><datafield ind1=" " ind2=" " tag="035"><subfield code="a">(TxDaGIAL)37741100000362</subfield></datafield><controlfield tag="005">20080624155210.0</controlfield><controlfield tag="001">2340</controlfield><controlfield tag="003">TxDaGIAL</controlfield><datafield ind1=" " ind2=" " tag="852"><subfield code="p">37741100000362</subfield><subfield code="a">Library</subfield><subfield code="9">$0.00</subfield><subfield code="x">COPYID:2775</subfield><subfield code="x">FSC@aRegular@c19940407</subfield><subfield code="h">495.93 B615d 1994</subfield><subfield code="z">gift author</subfield></datafield></record>