
<record><leader>00766nam a2200205 a 4500</leader><controlfield tag="008">970327s1977    txu           000 0 eng d</controlfield><datafield ind1=" " ind2=" " tag="040"><subfield code="a">TxDaGIAL</subfield><subfield code="c">TxDaGIAL</subfield></datafield><datafield ind1="1" ind2=" " tag="100"><subfield code="a">Machin, Polly.</subfield></datafield><datafield ind1="1" ind2="0" tag="245"><subfield code="a">Discourse markers in Northern Popoloca /</subfield><subfield code="c">by Polly Pat Machin.</subfield></datafield><datafield ind1=" " ind2=" " tag="260"><subfield code="c">1977.</subfield></datafield><datafield ind1=" " ind2=" " tag="300"><subfield code="a">x, 125 leaves ;</subfield><subfield code="c">29 cm.</subfield></datafield><datafield ind1=" " ind2=" " tag="502"><subfield code="a">Thesis (M.A.)--University of Texas at Arlington, 1977.</subfield></datafield><datafield ind1=" " ind2=" " tag="504"><subfield code="a">Bibliography : leaves 123-124.</subfield></datafield><datafield ind1=" " ind2="0" tag="650"><subfield code="a">Popoloca language</subfield><subfield code="x">Discourse analysis.</subfield></datafield><datafield ind1="2" ind2="0" tag="610"><subfield code="a">University of Texas at Arlington.</subfield><subfield code="b">Graduate School</subfield><subfield code="x">Dissertations.</subfield></datafield><datafield ind1=" " ind2=" " tag="035"><subfield code="a">(TxDaGIAL)37741100016307</subfield></datafield><controlfield tag="005">20080624155212.0</controlfield><controlfield tag="001">2345</controlfield><controlfield tag="003">TxDaGIAL</controlfield><datafield ind1=" " ind2=" " tag="852"><subfield code="p">37741100016307</subfield><subfield code="a">Library</subfield><subfield code="9">$0.00</subfield><subfield code="x">COPYID:2792</subfield><subfield code="x">FSC@aRegular@c19970324</subfield><subfield code="h">497.64 M149d 1977</subfield><subfield code="z">Author gift</subfield></datafield></record>