
<record><leader>01023cam a2200265 a 4500</leader><controlfield tag="008">920925s1993    ne       b    001 0 eng  </controlfield><datafield ind1=" " ind2=" " tag="010"><subfield code="a">   92036878</subfield></datafield><datafield ind1=" " ind2=" " tag="020"><subfield code="a">9027250367 (Eur.)</subfield></datafield><datafield ind1=" " ind2=" " tag="020"><subfield code="a">1556192924 (U.S : alk. paper) :</subfield><subfield code="c">$63.00</subfield></datafield><datafield ind1=" " ind2=" " tag="040"><subfield code="a">DLC</subfield><subfield code="c">DLC</subfield><subfield code="d">DLC</subfield></datafield><datafield ind1="0" ind2="0" tag="050"><subfield code="a">PL640.5</subfield><subfield code="b">.M39 1992</subfield></datafield><datafield ind1="0" ind2="0" tag="082"><subfield code="a">495.6/0141</subfield><subfield code="2">20</subfield></datafield><datafield ind1="1" ind2="0" tag="100"><subfield code="a">Maynard, Senko K.</subfield></datafield><datafield ind1="1" ind2="0" tag="245"><subfield code="a">Discourse modality :</subfield><subfield code="b">subjectivity, emotion, and voice in the Japanese language /</subfield><subfield code="c">Senko K. Maynard.</subfield></datafield><datafield ind1=" " ind2=" " tag="260"><subfield code="a">Amsterdam ;</subfield><subfield code="a">Philadelphia :</subfield><subfield code="b">J. Benjamins Pub. Co.,</subfield><subfield code="c">1993.</subfield></datafield><datafield ind1=" " ind2=" " tag="300"><subfield code="a">x, 315 p. ;</subfield><subfield code="c">23 cm.</subfield></datafield><datafield ind1=" " ind2="0" tag="440"><subfield code="a">Pragmatics &amp; beyond,</subfield><subfield code="x">0922-842X ;</subfield><subfield code="v">new ser. 24</subfield></datafield><datafield ind1=" " ind2=" " tag="504"><subfield code="a">Includes bibliographical references (p. [288]-302) and indexes.</subfield></datafield><datafield ind1=" " ind2="0" tag="650"><subfield code="a">Japanese language</subfield><subfield code="x">Discourse analysis.</subfield></datafield><datafield ind1=" " ind2="0" tag="650"><subfield code="a">Japanese language</subfield><subfield code="x">Modality.</subfield></datafield><datafield ind1=" " ind2=" " tag="035"><subfield code="a">(TxDaGIAL)37741100009348</subfield></datafield><controlfield tag="005">20080624155212.0</controlfield><controlfield tag="001">2346</controlfield><controlfield tag="003">TxDaGIAL</controlfield><datafield ind1=" " ind2=" " tag="852"><subfield code="p">37741100009348</subfield><subfield code="a">Library</subfield><subfield code="9">$54.81</subfield><subfield code="x">COPYID:2793</subfield><subfield code="x">FSC@aRegular@c19951108</subfield><subfield code="h">495.60141 M471d 1993</subfield><subfield code="z">B/T 2-94</subfield></datafield></record>