
<record><leader>00855nam a2200217 i 4500</leader><controlfield tag="008">960430s1983    txua          000 0 eng d</controlfield><datafield ind1=" " ind2=" " tag="040"><subfield code="a">TxDaGIAL</subfield><subfield code="c">TxDaGIAL</subfield></datafield><datafield ind1="1" ind2=" " tag="100"><subfield code="a">Fukuda, Takashi,</subfield><subfield code="d">1960-</subfield></datafield><datafield ind1="1" ind2="2" tag="245"><subfield code="a">A discourse-oriented grammar of Eastern Bontoc /</subfield><subfield code="c">by Takashi Fukuda.</subfield></datafield><datafield ind1=" " ind2=" " tag="260"><subfield code="c">1983.</subfield></datafield><datafield ind1=" " ind2=" " tag="300"><subfield code="a">x, 231 leaves :</subfield><subfield code="b">ill., map ;</subfield><subfield code="c">29 cm.</subfield></datafield><datafield ind1=" " ind2=" " tag="502"><subfield code="a">Thesis (M.A.)--University of Texas at Arlington, 1983.</subfield></datafield><datafield ind1=" " ind2=" " tag="504"><subfield code="a">Includes bibliographical references ( leaves 226-231).</subfield></datafield><datafield ind1=" " ind2="0" tag="650"><subfield code="a">Bontoc language</subfield><subfield code="x">Grammar.</subfield></datafield><datafield ind1="2" ind2="0" tag="610"><subfield code="a">University of Texas at Arlington.</subfield><subfield code="b">Graduate School</subfield><subfield code="x">Dissertations.</subfield></datafield><datafield ind1=" " ind2="0" tag="651"><subfield code="a">Philippines</subfield><subfield code="x">Languages.</subfield></datafield><datafield ind1=" " ind2=" " tag="035"><subfield code="a">(TxDaGIAL)37741100011229</subfield></datafield><controlfield tag="005">20080624155213.0</controlfield><controlfield tag="001">2349</controlfield><controlfield tag="003">TxDaGIAL</controlfield><datafield ind1=" " ind2=" " tag="852"><subfield code="p">37741100011229</subfield><subfield code="a">Library</subfield><subfield code="9">$0.00</subfield><subfield code="x">COPYID:2796</subfield><subfield code="x">FSC@aRegular@c19960430</subfield><subfield code="h">499.21344 F961d 1983</subfield><subfield code="z">author gift  13611</subfield></datafield></record>