
<record><leader>01118pam a2200289 a 4500</leader><controlfield tag="008">890104s1989    wb       b    00110 eng  </controlfield><datafield ind1=" " ind2=" " tag="010"><subfield code="a">   89001655</subfield></datafield><datafield ind1=" " ind2=" " tag="020"><subfield code="a">0899254365 (U.S. : alk. paper) :</subfield><subfield code="c">$44.00</subfield></datafield><datafield ind1=" " ind2=" " tag="040"><subfield code="a">DLC</subfield><subfield code="c">DLC</subfield><subfield code="d">TxDaGIAL</subfield></datafield><datafield ind1="0" ind2=" " tag="050"><subfield code="a">PL8702</subfield><subfield code="b">.C66 1989</subfield></datafield><datafield ind1="0" ind2=" " tag="082"><subfield code="a">496/.3925</subfield><subfield code="2">19</subfield></datafield><datafield ind1="1" ind2="0" tag="100"><subfield code="a">Contini-Morava, Ellen,</subfield><subfield code="d">1948-</subfield></datafield><datafield ind1="1" ind2="0" tag="245"><subfield code="a">Discourse pragmatics and semantic categorization :</subfield><subfield code="b">the case of negation and tense-aspect with special reference to Swahili /</subfield><subfield code="c">by Ellen Contini-Morava.</subfield></datafield><datafield ind1="0" ind2=" " tag="260"><subfield code="a">Berlin ;</subfield><subfield code="a">New York :</subfield><subfield code="b">Mouton de Gruyter,</subfield><subfield code="c">1989.</subfield></datafield><datafield ind1=" " ind2=" " tag="300"><subfield code="a">ix, 205 p. ;</subfield><subfield code="c">24 cm.</subfield></datafield><datafield ind1=" " ind2="0" tag="440"><subfield code="a">Discourse perspectives on grammar ;</subfield><subfield code="v">1</subfield></datafield><datafield ind1=" " ind2=" " tag="504"><subfield code="a">Bibliography: p. [183]-198.</subfield></datafield><datafield ind1=" " ind2=" " tag="500"><subfield code="a">Includes indexes.</subfield></datafield><datafield ind1=" " ind2="0" tag="650"><subfield code="a">Swahili language</subfield><subfield code="x">Negatives.</subfield></datafield><datafield ind1=" " ind2="0" tag="650"><subfield code="a">Swahili language</subfield><subfield code="x">Aspect.</subfield></datafield><datafield ind1=" " ind2="0" tag="650"><subfield code="a">Swahili language</subfield><subfield code="x">Tense.</subfield></datafield><datafield ind1=" " ind2="0" tag="650"><subfield code="a">Swahili language</subfield><subfield code="x">Discourse analysis.</subfield></datafield><datafield ind1=" " ind2=" " tag="035"><subfield code="a">(TxDaGIAL)37741100006935</subfield></datafield><controlfield tag="005">20080624155215.0</controlfield><controlfield tag="001">2354</controlfield><controlfield tag="003">TxDaGIAL</controlfield><datafield ind1=" " ind2=" " tag="852"><subfield code="p">37741100006935</subfield><subfield code="a">Library</subfield><subfield code="9">$61.50</subfield><subfield code="x">COPYID:2805</subfield><subfield code="x">FSC@aRegular@c19950816</subfield><subfield code="h">496.3925 C762d 1989</subfield><subfield code="z">B/T 11-89</subfield></datafield></record>