
<record><leader>00977nam a2200253 a 4500</leader><controlfield tag="008">890130s1987    inu      b    00010 eng d</controlfield><datafield ind1=" " ind2=" " tag="035"><subfield code="a">(CU-UC)4538019</subfield></datafield><datafield ind1=" " ind2=" " tag="040"><subfield code="a">WU</subfield><subfield code="c">MiU</subfield><subfield code="d">MiU</subfield></datafield><datafield ind1="1" ind2="0" tag="100"><subfield code="a">Lee, Hyo Sang.</subfield></datafield><datafield ind1="1" ind2="0" tag="245"><subfield code="a">Discourse presupposition and the discourse function of the topic marker nin in Korean /</subfield><subfield code="c">by Hyo Sang Lee.</subfield></datafield><datafield ind1=" " ind2=" " tag="260"><subfield code="a">Bloomington, Ind. :</subfield><subfield code="b">Indiana University Linguistics Club,</subfield><subfield code="c">1987.</subfield></datafield><datafield ind1=" " ind2=" " tag="300"><subfield code="a">93 p. ;</subfield><subfield code="c">28 cm.</subfield></datafield><datafield ind1=" " ind2=" " tag="500"><subfield code="a">Rev. version of the author's thesis (M.A.--University of California at Los Angeles, 1984).</subfield></datafield><datafield ind1=" " ind2=" " tag="504"><subfield code="a">Bibliography: p. 90-92.</subfield></datafield><datafield ind1=" " ind2=" " tag="546"><subfield code="a">English.</subfield></datafield><datafield ind1=" " ind2="0" tag="650"><subfield code="a">Korean language</subfield><subfield code="x">Topic and comment.</subfield></datafield><datafield ind1=" " ind2="0" tag="650"><subfield code="a">Korean language</subfield><subfield code="x">Discourse analysis.</subfield></datafield><datafield ind1=" " ind2="0" tag="650"><subfield code="a">Pragmatics.</subfield></datafield><datafield ind1="2" ind2="0" tag="710"><subfield code="a">Indiana University Linguistics Club.</subfield></datafield><datafield ind1=" " ind2=" " tag="035"><subfield code="a">(TxDaGIAL)37741100015369</subfield></datafield><controlfield tag="005">20080624155215.0</controlfield><controlfield tag="001">2355</controlfield><controlfield tag="003">TxDaGIAL</controlfield><datafield ind1=" " ind2=" " tag="852"><subfield code="p">37741100015369</subfield><subfield code="a">Library</subfield><subfield code="x">COPYID:2806</subfield><subfield code="x">FSC@aRegular@c19970224</subfield><subfield code="h">495.70141 L478d 1987</subfield><subfield code="z">12771</subfield></datafield></record>