
<record><leader>00775nam a2200205 a 4500</leader><controlfield tag="008">970801s        dcu           000 0 eng d</controlfield><datafield ind1=" " ind2=" " tag="040"><subfield code="a">TxDaGIAL</subfield><subfield code="c">TxDaGIAL</subfield></datafield><datafield ind1="1" ind2=" " tag="100"><subfield code="a">Kindell, Gloria Elaine.</subfield></datafield><datafield ind1="1" ind2="0" tag="245"><subfield code="a">Discourse strategies in Kaing&#225;ng literacy materials /</subfield><subfield code="c">by Gloria Elaine Kindell.</subfield></datafield><datafield ind1=" " ind2=" " tag="300"><subfield code="a">xi, 299 p. :</subfield><subfield code="b">ill. ;</subfield><subfield code="c">28 cm.</subfield></datafield><datafield ind1=" " ind2=" " tag="502"><subfield code="a">Thesis (Ph.D.)--Georgetown University, 1982.</subfield></datafield><datafield ind1=" " ind2=" " tag="504"><subfield code="a">Includes bibliographical references (p. 280-299).</subfield></datafield><datafield ind1=" " ind2="0" tag="650"><subfield code="a">Literacy</subfield><subfield code="x">Aids and devices.</subfield></datafield><datafield ind1=" " ind2="0" tag="650"><subfield code="a">Kaingang language</subfield><subfield code="x">Literacy.</subfield></datafield><datafield ind1="2" ind2="0" tag="610"><subfield code="a">Georgetown University</subfield><subfield code="x">Dissertations.</subfield></datafield><datafield ind1=" " ind2=" " tag="035"><subfield code="a">(TxDaGIAL)37741100019406</subfield></datafield><controlfield tag="005">20080624155216.0</controlfield><controlfield tag="001">2359</controlfield><controlfield tag="003">TxDaGIAL</controlfield><datafield ind1=" " ind2=" " tag="852"><subfield code="p">37741100019406</subfield><subfield code="a">Library</subfield><subfield code="x">COPYID:2810</subfield><subfield code="x">FSC@aRegular@c19970801</subfield><subfield code="h">371.3 K50d 1982</subfield><subfield code="z">9751</subfield></datafield></record>