
<record><leader>01080cam a2200277 a 4500</leader><controlfield tag="008">830118s1982    io       b    00010 eng  </controlfield><datafield ind1=" " ind2=" " tag="010"><subfield code="a">   82942014 /SA</subfield></datafield><datafield ind1=" " ind2=" " tag="040"><subfield code="a">DLC</subfield><subfield code="c">DLC</subfield><subfield code="d">TxDaGIAL</subfield></datafield><datafield ind1=" " ind2=" " tag="043"><subfield code="a">a-io---</subfield></datafield><datafield ind1="0" ind2=" " tag="050"><subfield code="a">PL5106</subfield><subfield code="b">.R34 1982</subfield></datafield><datafield ind1="0" ind2=" " tag="082"><subfield code="a">499/.221/0141</subfield><subfield code="2">19</subfield></datafield><datafield ind1="1" ind2="0" tag="100"><subfield code="a">Rafferty, Ellen.</subfield></datafield><datafield ind1="1" ind2="0" tag="245"><subfield code="a">Discourse structures of the Chinese Indonesian of Malang /</subfield><subfield code="c">by Ellen Rafferty.</subfield></datafield><datafield ind1="0" ind2=" " tag="260"><subfield code="a">Jakarta :</subfield><subfield code="b">Badan Penyelenggara Seri Nusa, Universitas Atma Jaya,</subfield><subfield code="c">1982.</subfield></datafield><datafield ind1=" " ind2=" " tag="300"><subfield code="a">x, 70 p. ;</subfield><subfield code="c">28 cm.</subfield></datafield><datafield ind1=" " ind2="0" tag="440"><subfield code="a">Nusa,</subfield><subfield code="x">02162874 ;</subfield><subfield code="v">v. 12</subfield></datafield><datafield ind1=" " ind2=" " tag="504"><subfield code="a">Bibliography: p. 68-70.</subfield></datafield><datafield ind1=" " ind2="0" tag="650"><subfield code="a">Malay language</subfield><subfield code="x">Discourse analysis.</subfield></datafield><datafield ind1=" " ind2="0" tag="650"><subfield code="a">Chinese language</subfield><subfield code="z">Indonesia</subfield><subfield code="z">Malang (Kabupaten)</subfield></datafield><datafield ind1=" " ind2="0" tag="650"><subfield code="a">Malay language</subfield><subfield code="z">Indonesia</subfield><subfield code="z">Malang (Kabupaten)</subfield></datafield><datafield ind1=" " ind2=" " tag="035"><subfield code="a">(TxDaGIAL)37741100012335</subfield></datafield><controlfield tag="005">20080624155217.0</controlfield><controlfield tag="001">2364</controlfield><controlfield tag="003">TxDaGIAL</controlfield><datafield ind1=" " ind2=" " tag="852"><subfield code="p">37741100012335</subfield><subfield code="a">Library</subfield><subfield code="x">COPYID:2816</subfield><subfield code="x">FSC@aRegular@c19960708</subfield><subfield code="h">499.2210141 R137d 1982</subfield><subfield code="z">s.o. 8918</subfield></datafield><datafield ind1=" " ind2=" " tag="852"><subfield code="p">37741100012336</subfield><subfield code="a">Library</subfield><subfield code="x">COPYID:2817</subfield><subfield code="x">FSC@aRegular@c19960708</subfield><subfield code="h">499.2210141 R137d 1982</subfield><subfield code="z">s.o. 8915</subfield></datafield></record>