
<record><leader>00863nam a2200217 a 4500</leader><controlfield tag="008">970411s1990    ndu           000 0 eng d</controlfield><datafield ind1=" " ind2=" " tag="040"><subfield code="a">TxDaGIAL</subfield><subfield code="c">TxDaGIAL</subfield></datafield><datafield ind1=" " ind2=" " tag="094"><subfield code="a">qee00</subfield><subfield code="2">ROPAL</subfield></datafield><datafield ind1="1" ind2=" " tag="100"><subfield code="a">Hintz, Daniel J.</subfield></datafield><datafield ind1="1" ind2="0" tag="245"><subfield code="a">Distinctives of Corongo Quechua :</subfield><subfield code="b">historical and synchronic perspectives /</subfield><subfield code="c">by Daniel J. Hintz.</subfield></datafield><datafield ind1=" " ind2=" " tag="260"><subfield code="c">1990.</subfield></datafield><datafield ind1=" " ind2=" " tag="300"><subfield code="a">xiii, 233 leaves ;</subfield><subfield code="c">29 cm.</subfield></datafield><datafield ind1=" " ind2=" " tag="502"><subfield code="a">Thesis (M.A.)--University of North Dakota, 1990.</subfield></datafield><datafield ind1=" " ind2=" " tag="504"><subfield code="a">Includes bibliographical references (leaves 229-233).</subfield></datafield><datafield ind1=" " ind2="0" tag="650"><subfield code="a">Quechua language</subfield><subfield code="x">Dialects</subfield><subfield code="z">Peru</subfield><subfield code="z">Ancash (Dept.)</subfield></datafield><datafield ind1="2" ind2="0" tag="610"><subfield code="a">University of North Dakota.</subfield><subfield code="b">Graduate Faculty</subfield><subfield code="x">Dissertations.</subfield></datafield><datafield ind1=" " ind2=" " tag="035"><subfield code="a">(TxDaGIAL)37741100016734</subfield></datafield><controlfield tag="005">20080624155222.0</controlfield><controlfield tag="001">2386</controlfield><controlfield tag="003">TxDaGIAL</controlfield><datafield ind1=" " ind2=" " tag="852"><subfield code="p">37741100016734</subfield><subfield code="a">Library</subfield><subfield code="9">$0.00</subfield><subfield code="x">COPYID:2847</subfield><subfield code="x">FSC@aRegular@c19970414</subfield><subfield code="h">498.3231 H666d 1990</subfield><subfield code="z">Author gift 9-91</subfield></datafield></record>