
<record><leader>00795nam a2200205 a 4500</leader><controlfield tag="008">870227s1981    inua     b    000 0 eng d</controlfield><datafield ind1=" " ind2=" " tag="040"><subfield code="a">IaU</subfield><subfield code="c">IaU</subfield><subfield code="d">NIC</subfield></datafield><datafield ind1="1" ind2=" " tag="100"><subfield code="a">Lindblom, Bj&#246;rn,</subfield><subfield code="d">1934-</subfield></datafield><datafield ind1="1" ind2="0" tag="245"><subfield code="a">Durational patterns of Swedish phonology :</subfield><subfield code="b">do they reflect short-term motor memory processes? /</subfield><subfield code="c">by Bj&#246;rn Lindblom, Bertil Lyberg, Karin Holmgren.</subfield></datafield><datafield ind1=" " ind2=" " tag="260"><subfield code="a">Bloomington :</subfield><subfield code="b">Indiana University Linguistics Club,</subfield><subfield code="c">1981.</subfield></datafield><datafield ind1=" " ind2=" " tag="300"><subfield code="a">vi, 85 p. :</subfield><subfield code="b">ill. ;</subfield><subfield code="c">28 cm.</subfield></datafield><datafield ind1=" " ind2=" " tag="504"><subfield code="a">Bibliography: p. [79]-85.</subfield></datafield><datafield ind1=" " ind2="0" tag="650"><subfield code="a">Swedish language</subfield><subfield code="x">Phonology.</subfield></datafield><datafield ind1="1" ind2="0" tag="700"><subfield code="a">Lyberg, Bertil.</subfield></datafield><datafield ind1="1" ind2="0" tag="700"><subfield code="a">Holmgren, Karin.</subfield></datafield><datafield ind1=" " ind2=" " tag="035"><subfield code="a">(TxDaGIAL)37741100014054</subfield></datafield><controlfield tag="005">20080624155236.0</controlfield><controlfield tag="001">2446</controlfield><controlfield tag="003">TxDaGIAL</controlfield><datafield ind1=" " ind2=" " tag="852"><subfield code="p">37741100014054</subfield><subfield code="a">Library</subfield><subfield code="x">COPYID:2913</subfield><subfield code="x">FSC@aRegular@c19961203</subfield><subfield code="h">439.7 L742d 1981</subfield><subfield code="z">6788</subfield></datafield></record>