
<record><leader>00637nam a2200193 a 4500</leader><controlfield tag="008">971007s1945    miu           000 0 eng d</controlfield><datafield ind1=" " ind2=" " tag="040"><subfield code="a">TxDaGIAL</subfield><subfield code="c">TxDaGIAL</subfield></datafield><datafield ind1="0" ind2=" " tag="041"><subfield code="a">duteng</subfield></datafield><datafield ind1="0" ind2="4" tag="082"><subfield code="a">439.3121</subfield><subfield code="2">21</subfield></datafield><datafield ind1="0" ind2="0" tag="245"><subfield code="a">Dutch-English and English-Dutch dictionary.</subfield></datafield><datafield ind1=" " ind2=" " tag="260"><subfield code="a">Grand Rapids, Mich. :</subfield><subfield code="b">Eerdmans,</subfield><subfield code="c">1945.</subfield></datafield><datafield ind1=" " ind2=" " tag="300"><subfield code="a">224 p. ;</subfield><subfield code="c">20 cm.</subfield></datafield><datafield ind1=" " ind2="0" tag="650"><subfield code="a">Dutch language</subfield><subfield code="v">Dictionaries</subfield><subfield code="x">English.</subfield></datafield><datafield ind1=" " ind2="0" tag="650"><subfield code="a">English language</subfield><subfield code="v">Dictionaries</subfield><subfield code="x">Dutch.</subfield></datafield><datafield ind1=" " ind2=" " tag="035"><subfield code="a">(TxDaGIAL)37741100020926</subfield></datafield><controlfield tag="005">20080624155236.0</controlfield><controlfield tag="001">2447</controlfield><controlfield tag="003">TxDaGIAL</controlfield><datafield ind1=" " ind2=" " tag="852"><subfield code="p">37741100020926</subfield><subfield code="a">Library</subfield><subfield code="x">COPYID:2914</subfield><subfield code="x">FSC@aRegular@c19971008</subfield><subfield code="h">439.31321 D975 1945</subfield><subfield code="z">1353</subfield></datafield></record>