
<record><leader>00976Qam a2200253Ia 4500</leader><controlfield tag="008">790111s1978    xx            000 0 eng d</controlfield><datafield ind1=" " ind2=" " tag="035"><subfield code="a">(CU-UC)599285</subfield></datafield><datafield ind1=" " ind2=" " tag="040"><subfield code="a">GSU</subfield><subfield code="c">GSU</subfield><subfield code="d">CU-SC</subfield></datafield><datafield ind1="1" ind2=" " tag="100"><subfield code="a">Clark, Mary Morris.</subfield></datafield><datafield ind1="1" ind2="2" tag="245"><subfield code="a">A dynamic treatment of tone with special attention to the tonal system of Igbo /</subfield><subfield code="c">by Mary Morris Clark.</subfield></datafield><datafield ind1=" " ind2=" " tag="260"><subfield code="a">[Bloomington, Ind. :</subfield><subfield code="b">Indiana University Linguistics Club,</subfield><subfield code="c">c1978]</subfield></datafield><datafield ind1=" " ind2=" " tag="300"><subfield code="a">x, 401 p. :</subfield><subfield code="b">ill. ;</subfield><subfield code="c">28 cm.</subfield></datafield><datafield ind1=" " ind2=" " tag="500"><subfield code="a">Originally presented as the author's thesis (Ph. D.-- University of Massachusetts at Amherst)</subfield></datafield><datafield ind1=" " ind2=" " tag="504"><subfield code="a">Bibliography: p. 397-401.</subfield></datafield><datafield ind1=" " ind2=" " tag="546"><subfield code="a">English.</subfield></datafield><datafield ind1=" " ind2="0" tag="650"><subfield code="a">Intonation (Phonetics)</subfield></datafield><datafield ind1=" " ind2="0" tag="650"><subfield code="a">Tone (Phonetics)</subfield></datafield><datafield ind1=" " ind2="0" tag="650"><subfield code="a">Igbo language</subfield><subfield code="x">Intonation.</subfield></datafield><datafield ind1="2" ind2="0" tag="710"><subfield code="a">Indiana University Linguistics Club.</subfield></datafield><datafield ind1=" " ind2=" " tag="035"><subfield code="a">(TxDaGIAL)37741100017931</subfield></datafield><controlfield tag="005">20080624155237.0</controlfield><controlfield tag="001">2450</controlfield><controlfield tag="003">TxDaGIAL</controlfield><datafield ind1=" " ind2=" " tag="852"><subfield code="p">37741100017931</subfield><subfield code="a">Library</subfield><subfield code="x">COPYID:2917</subfield><subfield code="x">FSC@aRegular@c19970515</subfield><subfield code="h">496.33216 C594d 1978</subfield></datafield></record>