
<record><leader>01000nam a2200265 i 4500</leader><controlfield tag="008">790910s1977    ilu      b    00010 eng  </controlfield><datafield ind1=" " ind2=" " tag="010"><subfield code="a">   79115770</subfield></datafield><datafield ind1=" " ind2=" " tag="020"><subfield code="c">$7.00</subfield></datafield><datafield ind1=" " ind2=" " tag="040"><subfield code="a">DLC</subfield><subfield code="c">DLC</subfield><subfield code="d">TxDaGIAL</subfield></datafield><datafield ind1="0" ind2=" " tag="050"><subfield code="a">PC615</subfield><subfield code="b">.D8</subfield></datafield><datafield ind1=" " ind2=" " tag="082"><subfield code="a">459/.09</subfield></datafield><datafield ind1="1" ind2="0" tag="100"><subfield code="a">Du Nay, Andr&#233;.</subfield></datafield><datafield ind1="1" ind2="4" tag="245"><subfield code="a">The early history of the Rumanian language /</subfield><subfield code="c">Andr&#233; Du Nay.</subfield></datafield><datafield ind1="0" ind2=" " tag="260"><subfield code="a">Lake Bluff, Ill. :</subfield><subfield code="b">Jupiter Press,</subfield><subfield code="c">1977.</subfield></datafield><datafield ind1=" " ind2=" " tag="300"><subfield code="a">xi, 275 p. :</subfield><subfield code="b">maps ;</subfield><subfield code="c">23 cm.</subfield></datafield><datafield ind1=" " ind2="0" tag="440"><subfield code="a">Edward Sapir monograph series in language, culture, and cognition ;</subfield><subfield code="v">3</subfield></datafield><datafield ind1=" " ind2=" " tag="504"><subfield code="a">Bibliography: p. 267-275.</subfield></datafield><datafield ind1=" " ind2="0" tag="650"><subfield code="a">Romanian language</subfield><subfield code="x">History.</subfield></datafield><datafield ind1=" " ind2="0" tag="650"><subfield code="a">Romanian language</subfield><subfield code="y">To 1500.</subfield></datafield><datafield ind1=" " ind2=" " tag="035"><subfield code="a">(TxDaGIAL)37741100010750</subfield></datafield><controlfield tag="005">20080624155241.0</controlfield><controlfield tag="001">2473</controlfield><controlfield tag="003">TxDaGIAL</controlfield><datafield ind1=" " ind2=" " tag="852"><subfield code="p">37741100010750</subfield><subfield code="a">Library</subfield><subfield code="b">Kenneth L. Pike Coll</subfield><subfield code="9">$0.00</subfield><subfield code="x">COPYID:2941</subfield><subfield code="x">FSC@aRegular@c19960410</subfield><subfield code="h">459.09 D897e 1977</subfield><subfield code="z">Kenneth L. Pike gift 2-95</subfield></datafield><datafield ind1=" " ind2=" " tag="852"><subfield code="p">37741100010751</subfield><subfield code="a">Library</subfield><subfield code="x">COPYID:2942</subfield><subfield code="x">FSC@aRegular@c19960410</subfield><subfield code="h">459.09 D897e 1977</subfield></datafield></record>