
<record><leader>00598nam a22001931i 4500</leader><controlfield tag="008">941209s1950    xx            000 0 eng d</controlfield><datafield ind1=" " ind2=" " tag="040"><subfield code="a">TxDaGIAL</subfield><subfield code="c">TxDaGIAL</subfield></datafield><datafield ind1="0" ind2=" " tag="041"><subfield code="a">engara</subfield></datafield><datafield ind1="0" ind2="4" tag="082"><subfield code="a">492.77</subfield><subfield code="2">20</subfield></datafield><datafield ind1="0" ind2="0" tag="245"><subfield code="a">Eastern Arabic.</subfield></datafield><datafield ind1=" " ind2=" " tag="260"><subfield code="a">S.l. :</subfield><subfield code="b">s.n.,</subfield><subfield code="c">195?.</subfield></datafield><datafield ind1=" " ind2=" " tag="300"><subfield code="a">265 leaves ;</subfield><subfield code="c">30 cm.</subfield></datafield><datafield ind1=" " ind2=" " tag="500"><subfield code="a">Missing title page.</subfield></datafield><datafield ind1=" " ind2="0" tag="650"><subfield code="a">Arabic language</subfield><subfield code="x">Dialects.</subfield></datafield><datafield ind1=" " ind2=" " tag="035"><subfield code="a">(TxDaGIAL)37741100000552</subfield></datafield><controlfield tag="005">20080624155244.0</controlfield><controlfield tag="001">2482</controlfield><controlfield tag="003">TxDaGIAL</controlfield><datafield ind1=" " ind2=" " tag="852"><subfield code="p">37741100000552</subfield><subfield code="a">Library</subfield><subfield code="b">James E. Redden Coll</subfield><subfield code="x">COPYID:2952</subfield><subfield code="x">FSC@aRegular@c19941209</subfield><subfield code="h">492.77 E13 1950z</subfield><subfield code="z">gift J.E. Redden 11-91</subfield></datafield></record>