
<record><leader>00674nam a2200205Ii 4500</leader><controlfield tag="008">750718 1957    miu           001 0 eng u</controlfield><datafield ind1=" " ind2=" " tag="035"><subfield code="a">(CU-UC)1043760</subfield></datafield><datafield ind1=" " ind2=" " tag="040"><subfield code="c">ISM</subfield><subfield code="d">m.c.</subfield><subfield code="d">CLU</subfield></datafield><datafield ind1="0" ind2=" " tag="050"><subfield code="a">PM852</subfield><subfield code="b">.B6</subfield></datafield><datafield ind1="1" ind2="0" tag="100"><subfield code="a">Bloomfield, Leonard,</subfield><subfield code="d">1887-1949.</subfield></datafield><datafield ind1="1" ind2="0" tag="245"><subfield code="a">Eastern Ojibwa :</subfield><subfield code="b">grammatical sketch, texts, and word list.</subfield></datafield><datafield ind1="0" ind2=" " tag="260"><subfield code="a">Ann Arbor :</subfield><subfield code="b">University of Michigan Press,</subfield><subfield code="c">[c1957]</subfield></datafield><datafield ind1=" " ind2=" " tag="300"><subfield code="a">x, 271 p. ;</subfield><subfield code="c">24 cm.</subfield></datafield><datafield ind1=" " ind2=" " tag="546"><subfield code="a">English.</subfield></datafield><datafield ind1=" " ind2="0" tag="650"><subfield code="a">Ojibwa language</subfield><subfield code="x">Grammar.</subfield></datafield><datafield ind1=" " ind2=" " tag="035"><subfield code="a">(TxDaGIAL)37741100016190</subfield></datafield><controlfield tag="005">20080624155244.0</controlfield><controlfield tag="001">2484</controlfield><controlfield tag="003">TxDaGIAL</controlfield><datafield ind1=" " ind2=" " tag="852"><subfield code="p">37741100016190</subfield><subfield code="a">Library</subfield><subfield code="x">COPYID:2954</subfield><subfield code="x">FSC@aRegular@c19970325</subfield><subfield code="h">497.34 B655e 1957</subfield><subfield code="z">1735</subfield></datafield></record>