
<record><leader>00576nam a22001815i 4500</leader><controlfield tag="008">960610s1953    xx a          000 0 est d</controlfield><datafield ind1=" " ind2=" " tag="040"><subfield code="a">TxDaGIAL</subfield><subfield code="c">TxDaGIAL</subfield></datafield><datafield ind1="1" ind2=" " tag="041"><subfield code="a">est</subfield></datafield><datafield ind1="1" ind2=" " tag="100"><subfield code="a">Ariste, Paul,</subfield><subfield code="d">1905-</subfield></datafield><datafield ind1="1" ind2="0" tag="245"><subfield code="a">Eesti keele foneetika /</subfield><subfield code="c">P. Ariste.</subfield></datafield><datafield ind1=" " ind2=" " tag="260"><subfield code="a">Tallinn :</subfield><subfield code="b">Eesti Riiklik Kirjastus,</subfield><subfield code="c">1953.</subfield></datafield><datafield ind1=" " ind2=" " tag="300"><subfield code="a">130 p. :</subfield><subfield code="b">ill. ;</subfield><subfield code="c">23 cm.</subfield></datafield><datafield ind1=" " ind2="0" tag="650"><subfield code="a">Estonian language</subfield><subfield code="x">Phonetics.</subfield></datafield><datafield ind1=" " ind2=" " tag="035"><subfield code="a">(TxDaGIAL)37741100002870</subfield></datafield><controlfield tag="005">20080624155306.0</controlfield><controlfield tag="001">2565</controlfield><controlfield tag="003">TxDaGIAL</controlfield><datafield ind1=" " ind2=" " tag="852"><subfield code="p">37741100002870</subfield><subfield code="a">Library</subfield><subfield code="x">COPYID:3039</subfield><subfield code="x">FSC@aRegular@c19960612</subfield><subfield code="h">414 A714e 1953</subfield><subfield code="z">1815</subfield></datafield></record>