
<record><leader>00840nam a2200241I  4500</leader><controlfield tag="008">760604s1927    enk           000 0 eng  </controlfield><datafield ind1=" " ind2=" " tag="010"><subfield code="a">28028087</subfield></datafield><datafield ind1=" " ind2=" " tag="035"><subfield code="a">(CU-UC)dlaisn2466807</subfield></datafield><datafield ind1=" " ind2=" " tag="040"><subfield code="a">DLC</subfield><subfield code="c">YWM</subfield></datafield><datafield ind1="0" ind2=" " tag="050"><subfield code="a">PJ6778</subfield><subfield code="b">.E6</subfield></datafield><datafield ind1="1" ind2=" " tag="100"><subfield code="a">Elder, Earl Edgar,</subfield><subfield code="d">1887-</subfield></datafield><datafield ind1="1" ind2="0" tag="245"><subfield code="a">Egyptian colloquial Arabic reader /</subfield><subfield code="c">edited by E.E. Elder.</subfield></datafield><datafield ind1=" " ind2=" " tag="260"><subfield code="a">London :</subfield><subfield code="b">Oxford university press, H. Milford,</subfield><subfield code="c">1927.</subfield></datafield><datafield ind1=" " ind2=" " tag="300"><subfield code="a">xiii, 154 p. ;</subfield><subfield code="c">22 cm.</subfield></datafield><datafield ind1="0" ind2=" " tag="490"><subfield code="a">The American university at Cairo Oriental studies</subfield></datafield><datafield ind1=" " ind2=" " tag="546"><subfield code="a">English.</subfield></datafield><datafield ind1=" " ind2="0" tag="650"><subfield code="a">Arabic language</subfield><subfield code="x">Dialects</subfield><subfield code="z">Egypt.</subfield></datafield><datafield ind1=" " ind2="0" tag="650"><subfield code="a">Arabic language</subfield><subfield code="v">Readers.</subfield></datafield><datafield ind1=" " ind2=" " tag="035"><subfield code="a">(TxDaGIAL)37741100014652</subfield></datafield><controlfield tag="005">20080624155306.0</controlfield><controlfield tag="001">2571</controlfield><controlfield tag="003">TxDaGIAL</controlfield><datafield ind1=" " ind2=" " tag="852"><subfield code="p">37741100014652</subfield><subfield code="a">Library</subfield><subfield code="9">$0.00</subfield><subfield code="x">COPYID:3045</subfield><subfield code="x">FSC@aRegular@c19970124</subfield><subfield code="h">492.7 E37e 1927</subfield><subfield code="z">Donald N. Larson gift 1-90</subfield></datafield></record>