
<record><leader>00741cam a2200181 i 4500</leader><controlfield tag="008">790731s1991    gw a          000 0 ger  </controlfield><datafield ind1=" " ind2=" " tag="040"><subfield code="a">TxDaGIAL</subfield><subfield code="c">TxDaGIAL</subfield></datafield><datafield ind1="1" ind2="0" tag="100"><subfield code="a">Caudmont, Jean.</subfield></datafield><datafield ind1="1" ind2="0" tag="245"><subfield code="a">El Espa&#241;ol de Colombia :</subfield><subfield code="b">esbozo lexicogr&#225;fico /</subfield><subfield code="c">Jean Caudmont.</subfield></datafield><datafield ind1="0" ind2=" " tag="260"><subfield code="a">Giessen :</subfield><subfield code="b">Justus-Liebig Universitat,</subfield><subfield code="c">1991.</subfield></datafield><datafield ind1=" " ind2=" " tag="300"><subfield code="a">79 p. ;</subfield><subfield code="c">21 cm.</subfield></datafield><datafield ind1=" " ind2=" " tag="500"><subfield code="a">Ver&#246;ffentlichung der Abteilung f&#252;r Sprachwissenschaft des Instituts f&#252;r Romanische PHilologie der Justus-Liebig Universit&#228;t, Hoft 4, 1991.</subfield></datafield><datafield ind1=" " ind2="0" tag="650"><subfield code="a">Spanish language</subfield><subfield code="x">Dialects</subfield><subfield code="z">Colombia.</subfield></datafield><datafield ind1=" " ind2=" " tag="035"><subfield code="a">(TxDaGIAL)37741100020697</subfield></datafield><controlfield tag="005">20080624155308.0</controlfield><controlfield tag="001">2580</controlfield><controlfield tag="003">TxDaGIAL</controlfield><datafield ind1=" " ind2=" " tag="852"><subfield code="p">37741100020697</subfield><subfield code="a">Library</subfield><subfield code="x">COPYID:3059</subfield><subfield code="x">FSC@aRegular@c19970930</subfield><subfield code="h">467.9861 C371e 1991</subfield></datafield></record>