
<record><leader>00810cam a2200265   4500</leader><controlfield tag="008">710609s1971    enk      b    00010 eng  </controlfield><datafield ind1=" " ind2=" " tag="010"><subfield code="a">   76134612 //r86</subfield></datafield><datafield ind1=" " ind2=" " tag="015"><subfield code="a">B71-09486</subfield></datafield><datafield ind1=" " ind2=" " tag="020"><subfield code="a">0521080258 :</subfield><subfield code="c">&#163;1.60</subfield></datafield><datafield ind1=" " ind2=" " tag="040"><subfield code="a">DLC</subfield><subfield code="c">DLC</subfield><subfield code="d">TxDaGIAL</subfield></datafield><datafield ind1="0" ind2=" " tag="041"><subfield code="a">engrus</subfield></datafield><datafield ind1="0" ind2=" " tag="050"><subfield code="a">PG2025</subfield><subfield code="b">.S8 no. 7</subfield></datafield><datafield ind1=" " ind2=" " tag="082"><subfield code="a">491.7/5</subfield></datafield><datafield ind1="1" ind2="0" tag="100"><subfield code="a">Bivon, R.</subfield><subfield code="q">(Roy)</subfield></datafield><datafield ind1="1" ind2="0" tag="245"><subfield code="a">Element order /</subfield><subfield code="c">R. Bivon.</subfield></datafield><datafield ind1="0" ind2=" " tag="260"><subfield code="a">London :</subfield><subfield code="b">Cambridge University Press,</subfield><subfield code="c">1971.</subfield></datafield><datafield ind1=" " ind2=" " tag="300"><subfield code="a">86 p. ;</subfield><subfield code="c">22 cm.</subfield></datafield><datafield ind1=" " ind2="0" tag="440"><subfield code="a">Studies in the modern Russian language ;</subfield><subfield code="v">7</subfield></datafield><datafield ind1=" " ind2=" " tag="504"><subfield code="a">Bibliography: p. 86.</subfield></datafield><datafield ind1=" " ind2="0" tag="650"><subfield code="a">Russian language</subfield><subfield code="x">Syntax.</subfield></datafield><datafield ind1=" " ind2=" " tag="035"><subfield code="a">(TxDaGIAL)37741100007045</subfield></datafield><controlfield tag="005">20080624155310.0</controlfield><controlfield tag="001">2594</controlfield><controlfield tag="003">TxDaGIAL</controlfield><datafield ind1=" " ind2=" " tag="852"><subfield code="p">37741100007045</subfield><subfield code="a">Library</subfield><subfield code="x">COPYID:3074</subfield><subfield code="x">FSC@aRegular@c19950822</subfield><subfield code="h">491.75 B624e 1971</subfield><subfield code="z">3447</subfield></datafield></record>