
<record><leader>00719nam a2200205 a 4500</leader><controlfield tag="008">970327s1972    miu           000 0 eng d</controlfield><datafield ind1=" " ind2=" " tag="040"><subfield code="a">TxDaGIAL</subfield><subfield code="c">TxDaGIAL</subfield></datafield><datafield ind1="1" ind2=" " tag="100"><subfield code="a">Nicklas, Thurston Dale.</subfield></datafield><datafield ind1="1" ind2="4" tag="245"><subfield code="a">The elements of Choctaw /</subfield><subfield code="c">by Thurston Dale Nicklas.</subfield></datafield><datafield ind1=" " ind2=" " tag="260"><subfield code="c">1972.</subfield></datafield><datafield ind1=" " ind2=" " tag="300"><subfield code="a">ix, 264 leaves ;</subfield><subfield code="c">21 cm.</subfield></datafield><datafield ind1=" " ind2=" " tag="502"><subfield code="a">Thesis (Ph.D.)--University of Michigan, 1974.</subfield></datafield><datafield ind1=" " ind2=" " tag="504"><subfield code="a">Includes bibliographical references (leaf 2).</subfield></datafield><datafield ind1=" " ind2="0" tag="650"><subfield code="a">Choctaw language</subfield><subfield code="x">Grammar.</subfield></datafield><datafield ind1="2" ind2="0" tag="610"><subfield code="a">University of Michigan</subfield><subfield code="x">Dissertations.</subfield></datafield><datafield ind1=" " ind2=" " tag="035"><subfield code="a">(TxDaGIAL)37741100016311</subfield></datafield><controlfield tag="005">20080624155312.0</controlfield><controlfield tag="001">2601</controlfield><controlfield tag="003">TxDaGIAL</controlfield><datafield ind1=" " ind2=" " tag="852"><subfield code="p">37741100016311</subfield><subfield code="a">Library</subfield><subfield code="x">COPYID:3082</subfield><subfield code="x">FSC@aRegular@c19970324</subfield><subfield code="h">497.382 N632e 1974</subfield><subfield code="z">3974</subfield></datafield></record>