
<record><leader>00949cam a2200265 a 4500</leader><controlfield tag="008">890623s1987    gt a     b    001 0 spa c</controlfield><datafield ind1=" " ind2=" " tag="010"><subfield code="a">   89155149 //r89</subfield></datafield><datafield ind1=" " ind2=" " tag="040"><subfield code="a">TxU</subfield><subfield code="c">TxU</subfield><subfield code="d">DLC</subfield></datafield><datafield ind1=" " ind2=" " tag="043"><subfield code="a">ncgt---</subfield></datafield><datafield ind1="0" ind2="0" tag="050"><subfield code="a">PM3936</subfield><subfield code="b">.G63 1987</subfield></datafield><datafield ind1="1" ind2="0" tag="100"><subfield code="a">Godfrey, Thomas James.</subfield></datafield><datafield ind1="1" ind2="4" tag="245"><subfield code="a">Una encuesta dialectal en el &#225;rea mam de Guatemala /</subfield><subfield code="c">Thomas James Godfrey y Wesley M. Collins.</subfield></datafield><datafield ind1="0" ind2=" " tag="260"><subfield code="a">Guatemala :</subfield><subfield code="b">Instituto Ling&#252;&#237;stico de Verano,</subfield><subfield code="c">1987.</subfield></datafield><datafield ind1=" " ind2=" " tag="300"><subfield code="a">xx, 416 p. :</subfield><subfield code="b">ill. ;</subfield><subfield code="c">28 cm.</subfield></datafield><datafield ind1=" " ind2=" " tag="504"><subfield code="a">Includes bibliographical references.</subfield></datafield><datafield ind1=" " ind2="0" tag="650"><subfield code="a">Mam language</subfield><subfield code="x">Dialectology.</subfield></datafield><datafield ind1=" " ind2="0" tag="650"><subfield code="a">Mam language</subfield><subfield code="x">Dialects</subfield><subfield code="z">Guatemala.</subfield></datafield><datafield ind1=" " ind2="0" tag="650"><subfield code="a">Language surveys</subfield><subfield code="z">Guatemala.</subfield></datafield><datafield ind1=" " ind2="0" tag="651"><subfield code="a">Guatemala</subfield><subfield code="x">Languages.</subfield></datafield><datafield ind1="1" ind2="0" tag="700"><subfield code="a">Collins, Wesley M.</subfield></datafield><datafield ind1=" " ind2=" " tag="035"><subfield code="a">(TxDaGIAL)37741100016333</subfield></datafield><controlfield tag="005">20080624155321.0</controlfield><controlfield tag="001">2637</controlfield><controlfield tag="003">TxDaGIAL</controlfield><datafield ind1=" " ind2=" " tag="852"><subfield code="p">37741100016333</subfield><subfield code="a">Library</subfield><subfield code="x">COPYID:3120</subfield><subfield code="x">FSC@aRegular@c19970328</subfield><subfield code="h">497.41513 G583e 1987</subfield><subfield code="z">13276</subfield></datafield></record>