
<record><leader>00923nam a22002294  4500</leader><controlfield tag="008">950822s1944    caua     d    00010 eng  </controlfield><datafield ind1=" " ind2=" " tag="010"><subfield code="a">   44006761</subfield></datafield><datafield ind1=" " ind2=" " tag="040"><subfield code="c">Wa</subfield><subfield code="d">TxDaGIAL</subfield></datafield><datafield ind1="0" ind2=" " tag="050"><subfield code="a">PK8441</subfield><subfield code="b">.Y3</subfield></datafield><datafield ind1=" " ind2=" " tag="082"><subfield code="a">491.5432</subfield></datafield><datafield ind1="1" ind2="0" tag="100"><subfield code="a">Yacoubian, Adour H.</subfield></datafield><datafield ind1="1" ind2="0" tag="245"><subfield code="a">English-Armenian and Armenian-English concise dictionary /</subfield><subfield code="c">by Adour H. Yacoubian, LITT.D. (Armenian words are spelled in Latin letters) Map, pictures of mosaic and bas-reliefs of Armenians ....</subfield></datafield><datafield ind1="0" ind2=" " tag="260"><subfield code="a">Los Angeles, Calif. :</subfield><subfield code="b">Armenian Archives Press,</subfield><subfield code="c">1944.</subfield></datafield><datafield ind1=" " ind2=" " tag="300"><subfield code="a">176 p. :</subfield><subfield code="b">illus. (incl. map) ;</subfield><subfield code="c">20 cm.</subfield></datafield><datafield ind1=" " ind2=" " tag="500"><subfield code="a">Portrait on t.p.</subfield></datafield><datafield ind1=" " ind2="0" tag="650"><subfield code="a">English language</subfield><subfield code="v">Dictionaries</subfield><subfield code="x">Armenian.</subfield></datafield><datafield ind1=" " ind2="0" tag="650"><subfield code="a">Armenian language</subfield><subfield code="v">Dictionaries</subfield><subfield code="x">English.</subfield></datafield><datafield ind1=" " ind2=" " tag="035"><subfield code="a">(TxDaGIAL)37741100007057</subfield></datafield><controlfield tag="005">20080624155327.0</controlfield><controlfield tag="001">2654</controlfield><controlfield tag="003">TxDaGIAL</controlfield><datafield ind1=" " ind2=" " tag="852"><subfield code="p">37741100007057</subfield><subfield code="a">Library</subfield><subfield code="x">COPYID:3140</subfield><subfield code="x">FSC@aRegular@c19950822</subfield><subfield code="h">491.992321 Y12e 1944</subfield><subfield code="z">178</subfield></datafield></record>