
<record><leader>01190nam a2200265 i 4500</leader><controlfield tag="008">760817s1976    mtua     bd   00010 eng  </controlfield><datafield ind1=" " ind2=" " tag="010"><subfield code="a">   76017514</subfield></datafield><datafield ind1=" " ind2=" " tag="040"><subfield code="a">DLC</subfield><subfield code="c">DLC</subfield><subfield code="d">TxDaGIAL</subfield></datafield><datafield ind1="0" ind2=" " tag="041"><subfield code="a">engchy</subfield></datafield><datafield ind1="0" ind2=" " tag="050"><subfield code="a">PM795.Z5</subfield><subfield code="b">N6 1976</subfield></datafield><datafield ind1=" " ind2=" " tag="082"><subfield code="a">497/.3</subfield></datafield><datafield ind1="2" ind2="0" tag="110"><subfield code="a">Northern Cheyenne Language and Culture Center Title VII ESEA Bilingual Education Program.</subfield><subfield code="b">Language Research Dept.</subfield></datafield><datafield ind1="1" ind2="0" tag="245"><subfield code="a">English-Cheyenne student dictionary /</subfield><subfield code="c">produced by the Language Research Department of the Northern Cheyenne Title VII ESEA Bilingual Education Program.</subfield></datafield><datafield ind1="0" ind2=" " tag="260"><subfield code="a">Lame Deer, Mont. :</subfield><subfield code="b">The Dept.,</subfield><subfield code="c">1976.</subfield></datafield><datafield ind1=" " ind2=" " tag="300"><subfield code="a">xviii, 163 p. :</subfield><subfield code="b">ill. ;</subfield><subfield code="c">22 cm.</subfield></datafield><datafield ind1=" " ind2=" " tag="504"><subfield code="a">Includes bibliographical references.</subfield></datafield><datafield ind1=" " ind2="0" tag="650"><subfield code="a">English language</subfield><subfield code="v">Dictionaries</subfield><subfield code="z">Wyoming</subfield><subfield code="z">Cheyenne.</subfield></datafield><datafield ind1=" " ind2="0" tag="650"><subfield code="a">Cheyenne language.</subfield></datafield><datafield ind1=" " ind2=" " tag="035"><subfield code="a">(TxDaGIAL)37741100003607</subfield></datafield><controlfield tag="005">20080624155328.0</controlfield><controlfield tag="001">2660</controlfield><controlfield tag="003">TxDaGIAL</controlfield><datafield ind1=" " ind2=" " tag="852"><subfield code="p">37741100003607</subfield><subfield code="a">Library</subfield><subfield code="x">COPYID:3146</subfield><subfield code="x">FSC@aRegular@c19950419</subfield><subfield code="h">497.364 E58 1976</subfield><subfield code="z">4518</subfield></datafield><datafield ind1=" " ind2=" " tag="852"><subfield code="p">37741100003608</subfield><subfield code="a">Library</subfield><subfield code="x">COPYID:3147</subfield><subfield code="x">FSC@aRegular@c19950419</subfield><subfield code="h">497.364 E58 1976</subfield><subfield code="z">4519</subfield></datafield><datafield ind1=" " ind2=" " tag="852"><subfield code="p">37741100003609</subfield><subfield code="a">Library</subfield><subfield code="x">COPYID:3148</subfield><subfield code="x">FSC@aRegular@c19950419</subfield><subfield code="h">497.364 E58 1976</subfield><subfield code="z">6813</subfield></datafield></record>