
<record><leader>01055nam a2200253Ii 4500</leader><controlfield tag="008">800710s1962    enk      db   00010 ger d</controlfield><datafield ind1=" " ind2=" " tag="040"><subfield code="d">TxDaGIAL</subfield></datafield><datafield ind1="0" ind2=" " tag="041"><subfield code="a">gereng</subfield></datafield><datafield ind1="1" ind2="0" tag="100"><subfield code="a">Wildhagen, Karl,</subfield><subfield code="d">1873-1945.</subfield></datafield><datafield ind1="1" ind2="0" tag="245"><subfield code="a">English-German, German-English dictionary :</subfield><subfield code="b">a comprehensive and strictly scientific representation of the vocabulary of the modern and present- day languages, with special regard to syntax, style, and idiomatic usage /</subfield><subfield code="c">by Karl Wildhagen and Will H&#233;raucourt.</subfield></datafield><datafield ind1=" " ind2=" " tag="250"><subfield code="a">6th, unaltered ed.</subfield></datafield><datafield ind1="0" ind2=" " tag="260"><subfield code="a">London :</subfield><subfield code="b">Allen &amp; Unwin ;</subfield><subfield code="a">Wiesbaden :</subfield><subfield code="b">Brandsteter Verlag,</subfield><subfield code="c">1962.</subfield></datafield><datafield ind1=" " ind2=" " tag="300"><subfield code="a">v. &lt; -2&gt; ;</subfield><subfield code="c">24 cm.</subfield></datafield><datafield ind1=" " ind2=" " tag="500"><subfield code="a">Added t.-p. in German.</subfield></datafield><datafield ind1=" " ind2=" " tag="504"><subfield code="a">Includes bibliography.</subfield></datafield><datafield ind1=" " ind2=" " tag="546"><subfield code="a">English.</subfield></datafield><datafield ind1=" " ind2=" " tag="590"><subfield code="a">Library has vol. 2 only.</subfield></datafield><datafield ind1=" " ind2="0" tag="650"><subfield code="a">German language</subfield><subfield code="v">Dictionaries</subfield><subfield code="x">English.</subfield></datafield><datafield ind1="1" ind2="0" tag="700"><subfield code="a">H&#233;raucourt, Will,</subfield><subfield code="e">joint author.</subfield></datafield><datafield ind1=" " ind2=" " tag="035"><subfield code="a">(TxDaGIAL)37741100019439</subfield></datafield><controlfield tag="005">20080624155331.0</controlfield><controlfield tag="001">2667</controlfield><controlfield tag="003">TxDaGIAL</controlfield><datafield ind1=" " ind2=" " tag="852"><subfield code="p">37741100019439</subfield><subfield code="a">Library</subfield><subfield code="x">COPYID:3162</subfield><subfield code="x">FSC@aRegular@c19970819</subfield><subfield code="h">433.21 W672 1962</subfield></datafield></record>