
<record><leader>00773nam a2200241 a 4500</leader><controlfield tag="008">890828s1990    ctu      d    00010 eng  </controlfield><datafield ind1=" " ind2=" " tag="010"><subfield code="a">   89051452</subfield></datafield><datafield ind1=" " ind2=" " tag="020"><subfield code="a">0300047029 (alk. paper)</subfield></datafield><datafield ind1=" " ind2=" " tag="040"><subfield code="a">DLC</subfield><subfield code="c">DLC</subfield></datafield><datafield ind1="0" ind2=" " tag="041"><subfield code="a">enghau</subfield></datafield><datafield ind1="0" ind2="0" tag="050"><subfield code="a">PL8233</subfield><subfield code="b">.N49 1990</subfield></datafield><datafield ind1="0" ind2="0" tag="082"><subfield code="a">423/.9372</subfield><subfield code="2">20</subfield></datafield><datafield ind1="1" ind2="0" tag="100"><subfield code="a">Newman, Roxana Ma.</subfield></datafield><datafield ind1="1" ind2="3" tag="245"><subfield code="a">An English-Hausa dictionary /</subfield><subfield code="c">Roxana Ma Newman.</subfield></datafield><datafield ind1="0" ind2=" " tag="260"><subfield code="a">New Haven :</subfield><subfield code="b">Yale University Press,</subfield><subfield code="c">c1990.</subfield></datafield><datafield ind1=" " ind2=" " tag="300"><subfield code="a">xxi, 327 p. ;</subfield><subfield code="c">26 cm.</subfield></datafield><datafield ind1=" " ind2="0" tag="440"><subfield code="a">Yale language series</subfield></datafield><datafield ind1=" " ind2="0" tag="650"><subfield code="a">English language</subfield><subfield code="v">Dictionaries</subfield><subfield code="x">Hausa.</subfield></datafield><datafield ind1=" " ind2=" " tag="035"><subfield code="a">(TxDaGIAL)37741100007604</subfield></datafield><controlfield tag="005">20080624155331.0</controlfield><controlfield tag="001">2669</controlfield><controlfield tag="003">TxDaGIAL</controlfield><datafield ind1=" " ind2=" " tag="852"><subfield code="p">37741100007604</subfield><subfield code="a">Library</subfield><subfield code="9">$30.00</subfield><subfield code="x">COPYID:3165</subfield><subfield code="x">FSC@aRegular@c19950906</subfield><subfield code="h">423.9372 N554e 1990</subfield><subfield code="z">B/T 8-91</subfield></datafield></record>