
<record><leader>00735nam a2200241Ia 4500</leader><controlfield tag="008">880719s1981    ii       d    00010 eng d</controlfield><datafield ind1=" " ind2=" " tag="035"><subfield code="a">(CU-UC)dlaisn4963396</subfield></datafield><datafield ind1=" " ind2=" " tag="040"><subfield code="a">CLU</subfield><subfield code="c">CLU</subfield></datafield><datafield ind1="0" ind2=" " tag="041"><subfield code="a">enginc</subfield></datafield><datafield ind1=" " ind2=" " tag="043"><subfield code="a">e-ii---</subfield></datafield><datafield ind1="1" ind2="0" tag="100"><subfield code="a">George, Jacob.</subfield></datafield><datafield ind1="1" ind2="3" tag="245"><subfield code="a">An English Konda glossary /</subfield><subfield code="c">Jacob &amp; Susan George.</subfield></datafield><datafield ind1="0" ind2=" " tag="260"><subfield code="a">Ananthagiri :</subfield><subfield code="b">Tribal Literacy Project,</subfield><subfield code="c">1981.</subfield></datafield><datafield ind1=" " ind2=" " tag="300"><subfield code="a">55 p. ;</subfield><subfield code="c">22 cm.</subfield></datafield><datafield ind1=" " ind2=" " tag="546"><subfield code="a">English.</subfield></datafield><datafield ind1=" " ind2="0" tag="650"><subfield code="a">English language</subfield><subfield code="v">Dictionaries</subfield><subfield code="x">Konda.</subfield></datafield><datafield ind1=" " ind2="0" tag="650"><subfield code="a">Konda language.</subfield></datafield><datafield ind1="1" ind2="0" tag="700"><subfield code="a">George, Susan.</subfield></datafield><datafield ind1=" " ind2=" " tag="035"><subfield code="a">(TxDaGIAL)37741100014702</subfield></datafield><controlfield tag="005">20080624155332.0</controlfield><controlfield tag="001">2673</controlfield><controlfield tag="003">TxDaGIAL</controlfield><datafield ind1=" " ind2=" " tag="852"><subfield code="p">37741100014702</subfield><subfield code="a">Library</subfield><subfield code="x">COPYID:3169</subfield><subfield code="x">FSC@aRegular@c19970127</subfield><subfield code="h">494.82 G348e 1981</subfield><subfield code="z">13745</subfield></datafield></record>