
<record><leader>00803nam a2200229 i 4500</leader><controlfield tag="008">810909s1974    xx       d    00010 eng  </controlfield><datafield ind1=" " ind2=" " tag="010"><subfield code="a">   75903392</subfield></datafield><datafield ind1=" " ind2=" " tag="020"><subfield code="c">Rs15.00</subfield></datafield><datafield ind1=" " ind2=" " tag="040"><subfield code="a">DLC</subfield><subfield code="c">DLC</subfield></datafield><datafield ind1="0" ind2=" " tag="050"><subfield code="a">PK2579.5.K684</subfield><subfield code="b">G87</subfield></datafield><datafield ind1="0" ind2=" " tag="082"><subfield code="a">491/.45</subfield><subfield code="2">19</subfield></datafield><datafield ind1="1" ind2="0" tag="100"><subfield code="a">Gustafsson, Uwe,</subfield><subfield code="d">1938-</subfield></datafield><datafield ind1="1" ind2="3" tag="245"><subfield code="a">An English-Kotia Oriya, Kotia Oriya-English glossary /</subfield><subfield code="c">Uwe Gustafsson.</subfield></datafield><datafield ind1="0" ind2=" " tag="260"><subfield code="a">[s.l. :</subfield><subfield code="b">s.n.],</subfield><subfield code="c">1974</subfield><subfield code="e">([s.l.] :</subfield><subfield code="f">University Press, Tribhuvan University)</subfield></datafield><datafield ind1=" " ind2=" " tag="300"><subfield code="a">viii, 150 p. ;</subfield><subfield code="c">22 cm.</subfield></datafield><datafield ind1=" " ind2="0" tag="650"><subfield code="a">Kotia language</subfield><subfield code="v">Dictionaries</subfield><subfield code="x">English.</subfield></datafield><datafield ind1=" " ind2="0" tag="650"><subfield code="a">English language</subfield><subfield code="v">Dictionaries</subfield><subfield code="x">Kotia.</subfield></datafield><datafield ind1=" " ind2=" " tag="035"><subfield code="a">(TxDaGIAL)37741100003994</subfield></datafield><controlfield tag="005">20080624155332.0</controlfield><controlfield tag="001">2674</controlfield><controlfield tag="003">TxDaGIAL</controlfield><datafield ind1=" " ind2=" " tag="852"><subfield code="p">37741100003994</subfield><subfield code="a">Library</subfield><subfield code="9">$0.00</subfield><subfield code="x">COPYID:3170</subfield><subfield code="x">FSC@aRegular@c19950508</subfield><subfield code="h">491.45 G982e 1974</subfield><subfield code="z">8731</subfield></datafield></record>