
<record><leader>00917nam a2200253   4500</leader><controlfield tag="008">701022s1970    vtua     d    00000 eng  </controlfield><datafield ind1=" " ind2=" " tag="010"><subfield code="a">   77116487</subfield></datafield><datafield ind1=" " ind2=" " tag="020"><subfield code="a">0804809097 :</subfield><subfield code="c">5.00</subfield></datafield><datafield ind1=" " ind2=" " tag="040"><subfield code="a">DLC</subfield><subfield code="c">DLC</subfield><subfield code="d">TxDaGIAL</subfield></datafield><datafield ind1="0" ind2=" " tag="041"><subfield code="a">englao</subfield></datafield><datafield ind1="0" ind2=" " tag="050"><subfield code="a">PL4251.L34</subfield><subfield code="b">M3 1970</subfield></datafield><datafield ind1=" " ind2=" " tag="082"><subfield code="a">495/.919</subfield></datafield><datafield ind1="1" ind2="0" tag="100"><subfield code="a">Marcus, Russell.</subfield></datafield><datafield ind1="1" ind2="0" tag="245"><subfield code="a">English-Lao, Lao-English dictionary /</subfield><subfield code="c">by Russell Marcus, editor and chief compiler.</subfield></datafield><datafield ind1="0" ind2=" " tag="260"><subfield code="a">Rutland, Vt. :</subfield><subfield code="b">C. E. Tuttle Co.,</subfield><subfield code="c">c1970.</subfield></datafield><datafield ind1=" " ind2=" " tag="300"><subfield code="a">416 p. :</subfield><subfield code="b">ill. ;</subfield><subfield code="c">17 cm.</subfield></datafield><datafield ind1=" " ind2="0" tag="650"><subfield code="a">English language</subfield><subfield code="v">Dictionaries</subfield><subfield code="x">Lao.</subfield></datafield><datafield ind1=" " ind2="0" tag="650"><subfield code="a">Lao language</subfield><subfield code="v">Dictionaries</subfield><subfield code="x">English.</subfield></datafield><datafield ind1=" " ind2=" " tag="035"><subfield code="a">(TxDaGIAL)37741100012572</subfield></datafield><controlfield tag="005">20080624155332.0</controlfield><controlfield tag="001">2676</controlfield><controlfield tag="003">TxDaGIAL</controlfield><datafield ind1=" " ind2=" " tag="852"><subfield code="p">37741100012572</subfield><subfield code="a">Library</subfield><subfield code="x">COPYID:3172</subfield><subfield code="x">FSC@aRegular@c19960717</subfield><subfield code="h">495.9191 M322e 1970</subfield><subfield code="z">9893</subfield></datafield><datafield ind1=" " ind2=" " tag="852"><subfield code="p">37741100022485</subfield><subfield code="a">Library</subfield><subfield code="9">$0.00</subfield><subfield code="x">COPYID:3173</subfield><subfield code="x">FSC@aRegular@c19980922</subfield><subfield code="h">495.9191 M322e 1970</subfield></datafield></record>