
<record><leader>00770nam a2200217I  4500</leader><controlfield tag="008">751202s1955    ce       d    000 0 eng  </controlfield><datafield ind1=" " ind2=" " tag="010"><subfield code="a">   56001832</subfield></datafield><datafield ind1=" " ind2=" " tag="035"><subfield code="a">(CU-UC)dlaisn2466875</subfield></datafield><datafield ind1=" " ind2=" " tag="040"><subfield code="a">DLC</subfield><subfield code="c">VZI</subfield><subfield code="d">CLU</subfield></datafield><datafield ind1="0" ind2=" " tag="050"><subfield code="a">PK1091</subfield><subfield code="b">.B8</subfield></datafield><datafield ind1="0" ind2=" " tag="100"><subfield code="a">Buddhadatta, Ambala&#7749;go&#7693;a Polvatt&#275;,</subfield><subfield code="d">1887-</subfield></datafield><datafield ind1="1" ind2="0" tag="245"><subfield code="a">English-Pali dictionary.</subfield></datafield><datafield ind1=" " ind2=" " tag="260"><subfield code="a">[Colombo, Ceylon] :</subfield><subfield code="b">Printed for the Pali Text Society by the Colombo Apothecaries' Co. [1955]</subfield></datafield><datafield ind1=" " ind2=" " tag="300"><subfield code="a">xii, 588 p. ;</subfield><subfield code="c">23 cm.</subfield></datafield><datafield ind1=" " ind2=" " tag="546"><subfield code="a">English.</subfield></datafield><datafield ind1=" " ind2="0" tag="650"><subfield code="a">English language</subfield><subfield code="v">Dictionaries</subfield><subfield code="x">Pali.</subfield></datafield><datafield ind1=" " ind2=" " tag="035"><subfield code="a">(TxDaGIAL)37741100014322</subfield></datafield><controlfield tag="005">20080624155333.0</controlfield><controlfield tag="001">2678</controlfield><controlfield tag="003">TxDaGIAL</controlfield><datafield ind1=" " ind2=" " tag="852"><subfield code="p">37741100014322</subfield><subfield code="a">Library</subfield><subfield code="9">$21.50</subfield><subfield code="x">FUND:Ling</subfield><subfield code="x">COPYID:3175</subfield><subfield code="x">FSC@aRegular@c19970102</subfield><subfield code="h">423.9137 B927e 1989</subfield><subfield code="z">dir. 1-91</subfield></datafield></record>