
<record><leader>01146nam a2200289 a 4500</leader><controlfield tag="008">921120s1992    ii       d    000 0 eng  </controlfield><datafield ind1=" " ind2=" " tag="010"><subfield code="a">   92907541</subfield></datafield><datafield ind1=" " ind2=" " tag="020"><subfield code="c">Rs150.00</subfield></datafield><datafield ind1=" " ind2=" " tag="025"><subfield code="a">I-E-69493</subfield></datafield><datafield ind1=" " ind2=" " tag="040"><subfield code="a">DLC</subfield><subfield code="c">DLC</subfield><subfield code="d">DLC</subfield></datafield><datafield ind1="0" ind2=" " tag="041"><subfield code="a">engpanhin</subfield></datafield><datafield ind1="0" ind2="0" tag="050"><subfield code="a">PK2636</subfield><subfield code="b">.E54 1992</subfield></datafield><datafield ind1="0" ind2="0" tag="082"><subfield code="a">413/.21</subfield><subfield code="2">20</subfield></datafield><datafield ind1="0" ind2="0" tag="245"><subfield code="a">English-Punjabi dictionary, with meanings in English &amp; Hindi also =</subfield><subfield code="b">A&#7749;grez&#299;-Pa&#241;j&#257;b&#299; kosha, A&#7749;grez&#299; te Hind&#299; shabad&#257;rtha sahita = A&#7749;grej&#299;-Pa&#241;j&#257;b&#299;-Hind&#299; &#347;abda ko&#347;a /</subfield><subfield code="c">compiled by Amrik Singh Walia.</subfield></datafield><datafield ind1=" " ind2=" " tag="260"><subfield code="a">New Delhi :</subfield><subfield code="b">Star Publications,</subfield><subfield code="c">1992.</subfield></datafield><datafield ind1=" " ind2=" " tag="300"><subfield code="a">419 p. ;</subfield><subfield code="c">24 cm.</subfield></datafield><datafield ind1=" " ind2=" " tag="500"><subfield code="a">English, Panjabi, and Hindi.</subfield></datafield><datafield ind1=" " ind2="0" tag="650"><subfield code="a">English language</subfield><subfield code="v">Dictionaries</subfield><subfield code="x">Panjabi.</subfield></datafield><datafield ind1=" " ind2="0" tag="650"><subfield code="a">English language</subfield><subfield code="v">Dictionaries</subfield><subfield code="x">Hindi.</subfield></datafield><datafield ind1="1" ind2="0" tag="700"><subfield code="a">Walia, Amrik Singh.</subfield></datafield><datafield ind1="0" ind2="1" tag="740"><subfield code="a">A&#7749;grez&#299;-Pa&#241;j&#257;b&#299; kosha, A&#7749;grez&#299; te Hind&#299; shabad&#257;rtha sahita.</subfield></datafield><datafield ind1="0" ind2="1" tag="740"><subfield code="a">A&#7749;grej&#299;-Pa&#241;j&#257;b&#299; &#347;abda ko&#347;a.</subfield></datafield><datafield ind1=" " ind2=" " tag="035"><subfield code="a">(TxDaGIAL)37741100003921</subfield></datafield><controlfield tag="005">20080624155335.0</controlfield><controlfield tag="001">2684</controlfield><controlfield tag="003">TxDaGIAL</controlfield><datafield ind1=" " ind2=" " tag="852"><subfield code="p">37741100003921</subfield><subfield code="a">Library</subfield><subfield code="9">$10.00</subfield><subfield code="x">COPYID:3184</subfield><subfield code="x">FSC@aRegular@c19950502</subfield><subfield code="h">491.42 E58w 1992</subfield><subfield code="z">3-95</subfield></datafield></record>