
<record><leader>00806nam a22002175  4500</leader><controlfield tag="008">950506s1993    ii a          0 0 0 mul d</controlfield><datafield ind1=" " ind2=" " tag="020"><subfield code="a">0781802210 :</subfield><subfield code="c">$24.95</subfield></datafield><datafield ind1=" " ind2=" " tag="040"><subfield code="c">TxDaGIAL</subfield><subfield code="d">TxDaGIAL</subfield></datafield><datafield ind1="1" ind2=" " tag="041"><subfield code="a">engurd</subfield></datafield><datafield ind1="0" ind2="0" tag="100"><subfield code="a">&#703;Abdul&#7717;aq,</subfield><subfield code="d">1869-1961.</subfield></datafield><datafield ind1="1" ind2="0" tag="245"><subfield code="a">English-Urdu dictionary :</subfield><subfield code="b">English to English and Urdu (over 35,000 words and idioms) /</subfield><subfield code="c">Dr. Abdul Haq.</subfield></datafield><datafield ind1=" " ind2=" " tag="260"><subfield code="a">New Delhi :</subfield><subfield code="b">Star Publications,</subfield><subfield code="c">1993 ed.</subfield></datafield><datafield ind1=" " ind2=" " tag="300"><subfield code="a">771 p. :</subfield><subfield code="b">ill. ;</subfield><subfield code="c">23 cm.</subfield></datafield><datafield ind1=" " ind2=" " tag="500"><subfield code="a">"This Edition printed in 1993"</subfield></datafield><datafield ind1=" " ind2="0" tag="650"><subfield code="a">English language</subfield><subfield code="v">Dictionaries</subfield><subfield code="x">Urdu.</subfield></datafield><datafield ind1="0" ind2="1" tag="740"><subfield code="a">English to English and Urdu.</subfield></datafield><datafield ind1=" " ind2=" " tag="035"><subfield code="a">(TxDaGIAL)37741100004766</subfield></datafield><controlfield tag="005">20080624155336.0</controlfield><controlfield tag="001">2692</controlfield><controlfield tag="003">TxDaGIAL</controlfield><datafield ind1=" " ind2=" " tag="852"><subfield code="p">37741100004766</subfield><subfield code="a">Library</subfield><subfield code="9">$21.71</subfield><subfield code="x">COPYID:3192</subfield><subfield code="x">FSC@aRegular@c19950606</subfield><subfield code="h">423.91439 A136e 1993</subfield><subfield code="z">B/T 5-95</subfield></datafield></record>