
<record><leader>00750nam a2200241Ii 4500</leader><controlfield tag="008">770216s1966    gt            00000 spa  </controlfield><datafield ind1=" " ind2=" " tag="010"><subfield code="a">   73376853</subfield></datafield><datafield ind1=" " ind2=" " tag="035"><subfield code="a">(CU-UC)2842261</subfield></datafield><datafield ind1=" " ind2=" " tag="040"><subfield code="a">DLC</subfield><subfield code="c">DLM</subfield><subfield code="d">RQA</subfield></datafield><datafield ind1="0" ind2=" " tag="041"><subfield code="a">spakek</subfield></datafield><datafield ind1="0" ind2=" " tag="050"><subfield code="a">PM3913</subfield><subfield code="b">.H3</subfield></datafield><datafield ind1="1" ind2="0" tag="100"><subfield code="a">Haeserijn V., Esteban.</subfield></datafield><datafield ind1="1" ind2="0" tag="245"><subfield code="a">Ensayo de la gram&#225;tica del K'ekchi' /</subfield><subfield code="c">[por] Esteban Haeserijn V.</subfield></datafield><datafield ind1="0" ind2=" " tag="260"><subfield code="a">Purulha [Guatemala],</subfield><subfield code="c">Impr. Suquinay,</subfield><subfield code="c">1966.</subfield></datafield><datafield ind1=" " ind2=" " tag="300"><subfield code="a"> xii, 157 p. ;</subfield><subfield code="c">21 cm.</subfield></datafield><datafield ind1=" " ind2=" " tag="500"><subfield code="a">Cover title.</subfield></datafield><datafield ind1=" " ind2=" " tag="546"><subfield code="a">Spanish.</subfield></datafield><datafield ind1=" " ind2="0" tag="650"><subfield code="a">Kekchi language</subfield><subfield code="x">Grammar.</subfield></datafield><datafield ind1=" " ind2=" " tag="035"><subfield code="a">(TxDaGIAL)37741100016344</subfield></datafield><controlfield tag="005">20080624155338.0</controlfield><controlfield tag="001">2703</controlfield><controlfield tag="003">TxDaGIAL</controlfield><datafield ind1=" " ind2=" " tag="852"><subfield code="p">37741100016344</subfield><subfield code="a">Library</subfield><subfield code="x">COPYID:3205</subfield><subfield code="x">FSC@aRegular@c19970328</subfield><subfield code="h">497.41512 H136e 1966</subfield><subfield code="z">2724</subfield></datafield></record>