
<record><leader>00762nam a2200241 i 4500</leader><controlfield tag="008">810528s1979    xx       b    00010 eng d</controlfield><datafield ind1=" " ind2=" " tag="035"><subfield code="a">(CU-UC)1435383</subfield></datafield><datafield ind1=" " ind2=" " tag="040"><subfield code="c">CLU</subfield></datafield><datafield ind1="1" ind2="0" tag="100"><subfield code="a">Payne, Thomas Edward,</subfield><subfield code="d">1951-</subfield></datafield><datafield ind1="1" ind2="0" tag="245"><subfield code="a">Ergativity in Yup'ik Eskimo /</subfield><subfield code="c">by Thomas Edward Payne.</subfield></datafield><datafield ind1="0" ind2=" " tag="260"><subfield code="c">1979.</subfield></datafield><datafield ind1=" " ind2=" " tag="300"><subfield code="a">viii, 90 leaves ;</subfield><subfield code="c">28 cm.</subfield></datafield><datafield ind1=" " ind2=" " tag="500"><subfield code="a">Typescript (photocopy)</subfield></datafield><datafield ind1=" " ind2=" " tag="502"><subfield code="a">Thesis (M.A.)--UCLA, 1979.</subfield></datafield><datafield ind1=" " ind2=" " tag="504"><subfield code="a">Bibliography: leaves 88-90.</subfield></datafield><datafield ind1=" " ind2=" " tag="546"><subfield code="a">English.</subfield></datafield><datafield ind1=" " ind2="0" tag="650"><subfield code="a">Central Yupik language</subfield><subfield code="x">Case grammar.</subfield></datafield><datafield ind1="2" ind2="0" tag="610"><subfield code="a">UCLA</subfield><subfield code="x">Dissertations.</subfield></datafield><datafield ind1=" " ind2=" " tag="035"><subfield code="a">(TxDaGIAL)37741100016167</subfield></datafield><controlfield tag="005">20080624155349.0</controlfield><controlfield tag="001">2764</controlfield><controlfield tag="003">TxDaGIAL</controlfield><datafield ind1=" " ind2=" " tag="852"><subfield code="p">37741100016167</subfield><subfield code="a">Library</subfield><subfield code="x">COPYID:3285</subfield><subfield code="x">FSC@aRegular@c19970325</subfield><subfield code="h">497.14 P346e 1979</subfield><subfield code="z">9652</subfield></datafield></record>