
<record><leader>00868cam a2200241 a 4500</leader><controlfield tag="008">910125s1981    mx a     b    001 0 spa  </controlfield><datafield ind1=" " ind2=" " tag="040"><subfield code="d">TxDaGIAL</subfield></datafield><datafield ind1=" " ind2=" " tag="043"><subfield code="a">n-mx---</subfield><subfield code="a">ncgt---</subfield></datafield><datafield ind1="0" ind2="0" tag="050"><subfield code="a">F1435.3.P6</subfield><subfield code="b">B76 1981</subfield></datafield><datafield ind1="1" ind2="0" tag="100"><subfield code="a">Brito Sansores, William.</subfield></datafield><datafield ind1="1" ind2="3" tag="245"><subfield code="a">La escritura de los mayas :</subfield><subfield code="b">jerogl&#237;ficos, Chilam Balames y topon&#237;micas /</subfield><subfield code="c">William Brito Sansores.</subfield></datafield><datafield ind1="0" ind2=" " tag="260"><subfield code="a">M&#233;xico, D.F. :</subfield><subfield code="b">Manuel Porrua,</subfield><subfield code="c">c1981.</subfield></datafield><datafield ind1=" " ind2=" " tag="300"><subfield code="a">205 p. :</subfield><subfield code="b">ill. ;</subfield><subfield code="c">20 cm.</subfield></datafield><datafield ind1=" " ind2="0" tag="440"><subfield code="a">Biblioteca mexicana ;</subfield><subfield code="v">58</subfield></datafield><datafield ind1=" " ind2=" " tag="504"><subfield code="a">Includes bibliographical references (p. 200-202).</subfield></datafield><datafield ind1=" " ind2="0" tag="650"><subfield code="a">Mayan languages</subfield><subfield code="x">Writing.</subfield></datafield><datafield ind1=" " ind2="0" tag="650"><subfield code="a">Maya language</subfield><subfield code="v">Texts.</subfield></datafield><datafield ind1="0" ind2="0" tag="630"><subfield code="a">Books of Chilam Balam.</subfield></datafield><datafield ind1=" " ind2=" " tag="035"><subfield code="a">(TxDaGIAL)37741100016366</subfield></datafield><controlfield tag="005">20080624155351.0</controlfield><controlfield tag="001">2771</controlfield><controlfield tag="003">TxDaGIAL</controlfield><datafield ind1=" " ind2=" " tag="852"><subfield code="p">37741100016366</subfield><subfield code="a">Library</subfield><subfield code="x">COPYID:3292</subfield><subfield code="x">FSC@aRegular@c19970328</subfield><subfield code="h">497.415 S229e 1981</subfield><subfield code="z">13736</subfield></datafield></record>