
<record><leader>00842nam a2200241 i 4500</leader><controlfield tag="008">820603m19649999ag            00000 spa  </controlfield><datafield ind1=" " ind2=" " tag="010"><subfield code="a">   67117287</subfield></datafield><datafield ind1=" " ind2=" " tag="035"><subfield code="a">(CU-UC)dlaisn2462184</subfield></datafield><datafield ind1=" " ind2=" " tag="040"><subfield code="c">CarP</subfield><subfield code="d">CStRLIN</subfield></datafield><datafield ind1=" " ind2=" " tag="043"><subfield code="a">s-ag---</subfield></datafield><datafield ind1="0" ind2=" " tag="050"><subfield code="a">PC4871</subfield><subfield code="b">.V5</subfield></datafield><datafield ind1="1" ind2="0" tag="100"><subfield code="a">Vidal de Battini, Berta Elena,</subfield><subfield code="d">1900-</subfield></datafield><datafield ind1="1" ind2="3" tag="245"><subfield code="a">El espa&#241;ol de la Argentina :</subfield><subfield code="b">estudio destinado a los maestros de las escuelas primarias.</subfield></datafield><datafield ind1="0" ind2=" " tag="260"><subfield code="a">[Buenos Aires,</subfield><subfield code="c">1964-</subfield></datafield><datafield ind1=" " ind2=" " tag="300"><subfield code="a">v. &lt; 1- (227 p.) &gt; :</subfield><subfield code="b">fold. col. maps. ;</subfield><subfield code="c">27 cm.</subfield></datafield><datafield ind1=" " ind2=" " tag="546"><subfield code="a">Spanish.</subfield></datafield><datafield ind1=" " ind2="0" tag="650"><subfield code="a">Spanish language</subfield><subfield code="x">Provincialisms</subfield><subfield code="z">Argentina.</subfield></datafield><datafield ind1="2" ind2="0" tag="710"><subfield code="a">Consejo Nacional de Educaci&#243;n (Argentina)</subfield></datafield><datafield ind1=" " ind2=" " tag="035"><subfield code="a">(TxDaGIAL)37741100014271</subfield></datafield><controlfield tag="005">20080624155353.0</controlfield><controlfield tag="001">2778</controlfield><controlfield tag="003">TxDaGIAL</controlfield><datafield ind1=" " ind2=" " tag="852"><subfield code="p">37741100014271</subfield><subfield code="a">Library</subfield><subfield code="x">COPYID:3299</subfield><subfield code="x">FSC@aRegular@c19961217</subfield><subfield code="h">467 V649e 1964</subfield><subfield code="z">3011</subfield></datafield></record>