
<record><leader>01297cam a2200325Ii 4500</leader><controlfield tag="008">760323s1940    ag       b    00010 spam </controlfield><datafield ind1=" " ind2=" " tag="010"><subfield code="a">   42022873</subfield></datafield><datafield ind1=" " ind2=" " tag="035"><subfield code="a">(CU-UC)dlaisn2527417</subfield></datafield><datafield ind1=" " ind2=" " tag="040"><subfield code="a">DLC</subfield><subfield code="c">FHM</subfield><subfield code="d">SER</subfield><subfield code="d">m.c.</subfield><subfield code="d">CU-Riv</subfield></datafield><datafield ind1="1" ind2=" " tag="041"><subfield code="a">spaund</subfield></datafield><datafield ind1="0" ind2=" " tag="050"><subfield code="a">PC4881</subfield><subfield code="b">.L4</subfield></datafield><datafield ind1=" " ind2=" " tag="082"><subfield code="a">467</subfield></datafield><datafield ind1="1" ind2="0" tag="100"><subfield code="a">Lenz, Rodolfo,</subfield><subfield code="d">1863-1938.</subfield></datafield><datafield ind1="1" ind2="3" tag="245"><subfield code="a">El espanol en Chile /</subfield><subfield code="c">trabajos de Rodolfo Lenz, Andr&#233;s Bello y Rodolfo Oroz; traducci&#243;n, notas y ap&#233;ndices de Amado Alonso y Raimundo Lida.</subfield></datafield><datafield ind1="0" ind2=" " tag="260"><subfield code="a">Buenos Aires,</subfield><subfield code="c">1940.</subfield></datafield><datafield ind1=" " ind2=" " tag="300"><subfield code="a">374 p., 1 ;</subfield><subfield code="c">22 cm.</subfield></datafield><datafield ind1="0" ind2=" " tag="490"><subfield code="a">Facultad de filosof&#237;a y letras de la Universidad de Buenos Aires. Instituto de filolog&#237;a. Biblioteca de dialectolog&#237;a hispanoamericana. Director: Amado Alonso. Tomo VI</subfield></datafield><datafield ind1=" " ind2=" " tag="500"><subfield code="a">Series title also at head of t.-p.</subfield></datafield><datafield ind1=" " ind2=" " tag="504"><subfield code="a">&quot;Bibliograf&#237;a del espa&#241;ol en Chile, por Rodolfo Oroz&quot;: p. [299]-324.</subfield></datafield><datafield ind1=" " ind2=" " tag="546"><subfield code="a">Spanish.</subfield></datafield><datafield ind1=" " ind2="0" tag="650"><subfield code="a">Spanish language</subfield><subfield code="x">Provincialisms</subfield><subfield code="z">Chile.</subfield></datafield><datafield ind1="1" ind2="0" tag="700"><subfield code="a">Bello, Andr&#233;s,</subfield><subfield code="d">1781-1865.</subfield></datafield><datafield ind1="1" ind2="0" tag="700"><subfield code="a">Oroz, Rodolfo,</subfield><subfield code="d">b. 1895.</subfield></datafield><datafield ind1="1" ind2="1" tag="700"><subfield code="a">Lida, Raimundo.</subfield></datafield><datafield ind1="1" ind2="1" tag="700"><subfield code="a">Alonso, Amado.</subfield></datafield><datafield ind1=" " ind2=" " tag="035"><subfield code="a">(TxDaGIAL)37741100014272</subfield></datafield><controlfield tag="005">20080624155353.0</controlfield><controlfield tag="001">2779</controlfield><controlfield tag="003">TxDaGIAL</controlfield><datafield ind1=" " ind2=" " tag="852"><subfield code="p">37741100014272</subfield><subfield code="a">Library</subfield><subfield code="x">COPYID:3300</subfield><subfield code="x">FSC@aRegular@c19961217</subfield><subfield code="h">467 L575e 1940</subfield><subfield code="z">2222</subfield></datafield></record>