
<record><leader>00927cam a2200253 i 4500</leader><controlfield tag="008">790105s1977    ag       b   f000 0 spa  </controlfield><datafield ind1=" " ind2=" " tag="010"><subfield code="a">   78109801 //r87</subfield></datafield><datafield ind1=" " ind2=" " tag="040"><subfield code="a">DLC</subfield><subfield code="c">DLC</subfield><subfield code="d">DLC</subfield></datafield><datafield ind1=" " ind2=" " tag="043"><subfield code="a">s-ag---</subfield></datafield><datafield ind1="0" ind2="0" tag="050"><subfield code="a">PC4871</subfield><subfield code="b">.B57</subfield></datafield><datafield ind1="0" ind2="0" tag="082"><subfield code="a">467/.9/82</subfield></datafield><datafield ind1="1" ind2="0" tag="100"><subfield code="a">Boretti de Macchia, Susana H.</subfield></datafield><datafield ind1="1" ind2="3" tag="245"><subfield code="a">El espa&#241;ol hablado en el litoral argentino :</subfield><subfield code="b">el pronombre /</subfield><subfield code="c">Susana H. Boretti de Macchia.</subfield></datafield><datafield ind1="0" ind2=" " tag="260"><subfield code="a">Rosario, Rep&#250;blica Argentina :</subfield><subfield code="b">Consejo de Investigaciones, Universidad Nacional de Rosario,</subfield><subfield code="c">c1977.</subfield></datafield><datafield ind1=" " ind2=" " tag="300"><subfield code="a">47 p. ;</subfield><subfield code="c">23 cm.</subfield></datafield><datafield ind1=" " ind2=" " tag="500"><subfield code="a">"Ciencias sociales."</subfield></datafield><datafield ind1=" " ind2=" " tag="504"><subfield code="a">Includes bibliographical references.</subfield></datafield><datafield ind1=" " ind2="0" tag="650"><subfield code="a">Spanish language</subfield><subfield code="x">Dialects</subfield><subfield code="z">Argentina.</subfield></datafield><datafield ind1=" " ind2="0" tag="650"><subfield code="a">Spanish language</subfield><subfield code="x">Pronoun.</subfield></datafield><datafield ind1=" " ind2=" " tag="035"><subfield code="a">(TxDaGIAL)37741100014323</subfield></datafield><controlfield tag="005">20080624155353.0</controlfield><controlfield tag="001">2780</controlfield><controlfield tag="003">TxDaGIAL</controlfield><datafield ind1=" " ind2=" " tag="852"><subfield code="p">37741100014323</subfield><subfield code="a">Library</subfield><subfield code="x">COPYID:3301</subfield><subfield code="x">FSC@aRegular@c19970102</subfield><subfield code="h">467.982 B731e 1977</subfield><subfield code="z">13694</subfield></datafield></record>