
<record><leader>00978cam a2200265 i 4500</leader><controlfield tag="008">790105s1977    ag       b   f000 0 spa  </controlfield><datafield ind1=" " ind2=" " tag="010"><subfield code="a">   78109805 //r882</subfield></datafield><datafield ind1=" " ind2=" " tag="040"><subfield code="a">DLC</subfield><subfield code="c">DLC</subfield><subfield code="d">DLC</subfield></datafield><datafield ind1=" " ind2=" " tag="043"><subfield code="a">s-ag---</subfield></datafield><datafield ind1="0" ind2="0" tag="050"><subfield code="a">PC4871</subfield><subfield code="b">.D57</subfield></datafield><datafield ind1="0" ind2="0" tag="082"><subfield code="a">467/.9/82</subfield></datafield><datafield ind1="1" ind2="0" tag="100"><subfield code="a">Donni de Mirande, N&#233;lida E.</subfield><subfield code="q">(N&#233;lida Esther)</subfield></datafield><datafield ind1="1" ind2="3" tag="245"><subfield code="a">El espa&#241;ol hablado en el litoral argentino :</subfield><subfield code="b">formas personales del verbo /</subfield><subfield code="c">N&#233;lida E. Donni de Mirande.</subfield></datafield><datafield ind1=" " ind2=" " tag="250"><subfield code="a">1. ed.</subfield></datafield><datafield ind1="0" ind2=" " tag="260"><subfield code="a">Rosario, Rep&#250;blica Argentina :</subfield><subfield code="b">Consejo de Investigaciones, Universidad Nacional de Rosario,</subfield><subfield code="c">c1977.</subfield></datafield><datafield ind1=" " ind2=" " tag="300"><subfield code="a">59 p. ;</subfield><subfield code="c">23 cm.</subfield></datafield><datafield ind1=" " ind2=" " tag="500"><subfield code="a">"Ciencias sociales.</subfield></datafield><datafield ind1=" " ind2=" " tag="504"><subfield code="a">Includes bibliographical references.</subfield></datafield><datafield ind1=" " ind2="0" tag="650"><subfield code="a">Spanish language</subfield><subfield code="x">Dialects</subfield><subfield code="z">Argentina.</subfield></datafield><datafield ind1=" " ind2="0" tag="650"><subfield code="a">Spanish language</subfield><subfield code="x">Verb.</subfield></datafield><datafield ind1=" " ind2=" " tag="035"><subfield code="a">(TxDaGIAL)37741100014324</subfield></datafield><controlfield tag="005">20080624155353.0</controlfield><controlfield tag="001">2781</controlfield><controlfield tag="003">TxDaGIAL</controlfield><datafield ind1=" " ind2=" " tag="852"><subfield code="p">37741100014324</subfield><subfield code="a">Library</subfield><subfield code="x">COPYID:3302</subfield><subfield code="x">FSC@aRegular@c19970102</subfield><subfield code="h">467.982 D686e 1977</subfield><subfield code="z">13695</subfield></datafield></record>