
<record><leader>00792nam a2200205 a 4500</leader><controlfield tag="008">970502s1997    txubd         000 0 eng d</controlfield><datafield ind1=" " ind2=" " tag="040"><subfield code="a">TxDaGIAL</subfield><subfield code="c">TxDaGIAL</subfield></datafield><datafield ind1="1" ind2=" " tag="100"><subfield code="a">Stauffer, Daniel Ray.</subfield></datafield><datafield ind1="1" ind2="0" tag="245"><subfield code="a">Essential elements of Songhai grammar /</subfield><subfield code="c">by Daniel Ray Stauffer.</subfield></datafield><datafield ind1=" " ind2=" " tag="260"><subfield code="c">1997.</subfield></datafield><datafield ind1=" " ind2=" " tag="300"><subfield code="a">xvi, 135 p. :</subfield><subfield code="b">maps, charts.</subfield></datafield><datafield ind1=" " ind2=" " tag="502"><subfield code="a">Thesis (M.A.)--University of Texas at Arlington, 1997.</subfield></datafield><datafield ind1=" " ind2=" " tag="504"><subfield code="a">Includes bibliographical references (p. 132-135).</subfield></datafield><datafield ind1=" " ind2="0" tag="650"><subfield code="a">Songhai language</subfield><subfield code="x">Grammar.</subfield></datafield><datafield ind1="2" ind2="0" tag="610"><subfield code="a">University of Texas at Arlington.</subfield><subfield code="b">Graduate School</subfield><subfield code="x">Dissertations.</subfield></datafield><datafield ind1=" " ind2=" " tag="035"><subfield code="a">(TxDaGIAL)37741100017329</subfield></datafield><controlfield tag="005">20080624155401.0</controlfield><controlfield tag="001">2807</controlfield><controlfield tag="003">TxDaGIAL</controlfield><datafield ind1=" " ind2=" " tag="852"><subfield code="p">37741100017329</subfield><subfield code="a">Library</subfield><subfield code="9">$0.00</subfield><subfield code="x">COPYID:3330</subfield><subfield code="x">FSC@aRegular@c19970505</subfield><subfield code="h">496.58 S798e 1997</subfield><subfield code="z">author gift 5-97</subfield></datafield></record>