
<record><leader>01163nam a2200289 a 4500</leader><controlfield tag="008">840817r19831980vtu      d    000 0 eng  </controlfield><datafield ind1=" " ind2=" " tag="010"><subfield code="a">   82080014</subfield></datafield><datafield ind1=" " ind2=" " tag="020"><subfield code="a">0804814449 :</subfield><subfield code="c">$22.50</subfield></datafield><datafield ind1=" " ind2=" " tag="040"><subfield code="a">DLC</subfield><subfield code="c">DLC</subfield><subfield code="d">DLC</subfield></datafield><datafield ind1="0" ind2=" " tag="041"><subfield code="a">engvie</subfield></datafield><datafield ind1="0" ind2="0" tag="050"><subfield code="a">PL4376</subfield><subfield code="b">.N34 1983</subfield></datafield><datafield ind1="0" ind2="0" tag="082"><subfield code="a">423/.95922</subfield><subfield code="2">19</subfield></datafield><datafield ind1="1" ind2="0" tag="100"><subfield code="a">Nguy&#771;&#234;n, &#272;&#236;nh Ho&#224;,</subfield><subfield code="d">1924-</subfield></datafield><datafield ind1="1" ind2="0" tag="240"><subfield code="a">Ho&#224;'s essential English-Vietnamese dictionary</subfield></datafield><datafield ind1="1" ind2="0" tag="245"><subfield code="a">Essential English-Vietnamese dictionary =</subfield><subfield code="b">T&#768;&#432;-&#273;i&#777;&#234;n Anh-Vi&#803;&#234;t /</subfield><subfield code="c">by Nguy&#771;&#234;n &#272;&#236;nh-Ho&#224; with the assistance of Patricia Nguyen Thi My-Huong.</subfield></datafield><datafield ind1=" " ind2=" " tag="250"><subfield code="a">1st Tuttle ed.</subfield></datafield><datafield ind1="0" ind2=" " tag="260"><subfield code="a">Rutland, Vt. :</subfield><subfield code="b">C.E. Tuttle Co.,</subfield><subfield code="c">1983.</subfield></datafield><datafield ind1=" " ind2=" " tag="300"><subfield code="a">xii, 316 p. ;</subfield><subfield code="c">24 cm.</subfield></datafield><datafield ind1=" " ind2=" " tag="500"><subfield code="a">Originally published: Ho&#224;'s essential English-Vietnamese dictionary. Carbondale, Ill. : Asia Books, 1980.</subfield></datafield><datafield ind1=" " ind2="0" tag="650"><subfield code="a">English language</subfield><subfield code="v">Dictionaries</subfield><subfield code="x">Vietnamese.</subfield></datafield><datafield ind1="1" ind2="0" tag="700"><subfield code="a">Nguy&#771;&#234;n, Patricia Th&#7883; M&#7929; H&#432;&#768;&#417;ng.</subfield></datafield><datafield ind1="0" ind2="1" tag="740"><subfield code="a">T&#768;&#432;-&#273;i&#777;&#234;n Anh-Vi&#803;&#234;t.</subfield></datafield><datafield ind1=" " ind2=" " tag="035"><subfield code="a">(TxDaGIAL)37741100020045</subfield></datafield><controlfield tag="005">20080624155401.0</controlfield><controlfield tag="001">2808</controlfield><controlfield tag="003">TxDaGIAL</controlfield><datafield ind1=" " ind2=" " tag="852"><subfield code="p">37741100020045</subfield><subfield code="a">Library</subfield><subfield code="x">COPYID:3331</subfield><subfield code="x">FSC@aRegular@c19970905</subfield><subfield code="h">423.95922 N576e 1983</subfield><subfield code="z">11477</subfield></datafield></record>