
<record><leader>00722cam a2200217Ii 4500</leader><controlfield tag="008">790221s1963    nyu           00110 eng d</controlfield><datafield ind1=" " ind2=" " tag="010"><subfield code="z">   63017899</subfield></datafield><datafield ind1=" " ind2=" " tag="035"><subfield code="a">(CU-UC)345365</subfield></datafield><datafield ind1="1" ind2="0" tag="100"><subfield code="a">Bleiler, Everett Franklin,</subfield><subfield code="d">1920-</subfield></datafield><datafield ind1="1" ind2="0" tag="245"><subfield code="a">Essential Japanese grammar.</subfield></datafield><datafield ind1="0" ind2=" " tag="260"><subfield code="a">New York :</subfield><subfield code="b">Dover,</subfield><subfield code="c">[1963]</subfield></datafield><datafield ind1=" " ind2=" " tag="300"><subfield code="a">156 p. ;</subfield><subfield code="c">20 cm.</subfield></datafield><datafield ind1=" " ind2=" " tag="500"><subfield code="a">Includes index.</subfield></datafield><datafield ind1=" " ind2=" " tag="546"><subfield code="a">English.</subfield></datafield><datafield ind1=" " ind2="0" tag="650"><subfield code="a">Japanese language</subfield><subfield code="x">Grammar.</subfield></datafield><datafield ind1=" " ind2=" " tag="035"><subfield code="a">(TxDaGIAL)37741100015358</subfield></datafield><controlfield tag="005">20080624155401.0</controlfield><controlfield tag="001">2810</controlfield><controlfield tag="003">TxDaGIAL</controlfield><datafield ind1=" " ind2=" " tag="852"><subfield code="p">37741100015358</subfield><subfield code="a">Library</subfield><subfield code="x">COPYID:3333</subfield><subfield code="x">FSC@aRegular@c19970224</subfield><subfield code="h">495.65 B646e 1963</subfield><subfield code="z">12602</subfield></datafield><datafield ind1=" " ind2=" " tag="852"><subfield code="p">37741100022439</subfield><subfield code="a">Library</subfield><subfield code="9">$0.00</subfield><subfield code="x">COPYID:3334</subfield><subfield code="x">FSC@aRegular@c19980916</subfield><subfield code="h">495.65 B646e 1963</subfield></datafield></record>