
<record><leader>00836nam a22002291  4500</leader><controlfield tag="008">950629s1995    ilu           000 0 eng d</controlfield><datafield ind1=" " ind2=" " tag="020"><subfield code="a">0844285412 :</subfield><subfield code="c">$16.95</subfield></datafield><datafield ind1=" " ind2=" " tag="040"><subfield code="c">TxDaGIAL</subfield><subfield code="d">TxDaGIAL</subfield></datafield><datafield ind1="1" ind2=" " tag="041"><subfield code="a">enghin</subfield></datafield><datafield ind1="0" ind2="4" tag="082"><subfield code="a">491.435</subfield><subfield code="2">20</subfield></datafield><datafield ind1="1" ind2=" " tag="100"><subfield code="a">&#346;r&#299;v&#257;stava, Mural&#299;dhara,</subfield><subfield code="d">1911-1980.</subfield></datafield><datafield ind1="1" ind2="0" tag="245"><subfield code="a">Essentials of Hindi grammar :</subfield><subfield code="b">a practical guide to the mastery of Hindi /</subfield><subfield code="c">Murli Dhar Srivastava.</subfield></datafield><datafield ind1=" " ind2=" " tag="250"><subfield code="a">Passport Books ed.</subfield></datafield><datafield ind1=" " ind2=" " tag="260"><subfield code="a">Lincolnwood, Ill. :</subfield><subfield code="b">Passport Books (NTC Publishing),</subfield><subfield code="c">1995, c1987.</subfield></datafield><datafield ind1=" " ind2=" " tag="300"><subfield code="a">206 p. ;</subfield><subfield code="c">23 cm.</subfield></datafield><datafield ind1=" " ind2=" " tag="500"><subfield code="a">In English and Nagari script.</subfield></datafield><datafield ind1=" " ind2="0" tag="650"><subfield code="a">Hindi language</subfield><subfield code="x">Grammar.</subfield></datafield><datafield ind1=" " ind2=" " tag="035"><subfield code="a">(TxDaGIAL)37741100005341</subfield></datafield><controlfield tag="005">20080624155402.0</controlfield><controlfield tag="001">2815</controlfield><controlfield tag="003">TxDaGIAL</controlfield><datafield ind1=" " ind2=" " tag="852"><subfield code="p">37741100005341</subfield><subfield code="a">Library</subfield><subfield code="9">$14.75</subfield><subfield code="x">COPYID:3339</subfield><subfield code="x">FSC@aRegular@c19950629</subfield><subfield code="h">491.438 S774e 1995</subfield><subfield code="z">B/T 6-95</subfield></datafield></record>