
<record><leader>00861nam a2200241Ii 4500</leader><controlfield tag="008">730518s1961    ag       b    00000 spae </controlfield><datafield ind1=" " ind2=" " tag="010"><subfield code="a">   63034384 /L</subfield></datafield><datafield ind1=" " ind2=" " tag="035"><subfield code="a">(CU-UC)dlaisn3238010</subfield></datafield><datafield ind1=" " ind2=" " tag="040"><subfield code="a">DLC</subfield><subfield code="c">TEU</subfield><subfield code="d">SER</subfield><subfield code="d">m.c.</subfield><subfield code="d">CLU</subfield></datafield><datafield ind1="0" ind2=" " tag="050"><subfield code="a">PC4505</subfield><subfield code="b">.H38 1961</subfield></datafield><datafield ind1="1" ind2="0" tag="100"><subfield code="a">Henr&#237;quez Ure&#241;a, Pedro,</subfield><subfield code="d">1884-1946.</subfield></datafield><datafield ind1="1" ind2="0" tag="245"><subfield code="a">Estudios de versificaci&#243;n espa&#241;ola.</subfield></datafield><datafield ind1="0" ind2=" " tag="260"><subfield code="a">[Buenos Aires] :</subfield><subfield code="b">Universidad de Buenos Aires, Departamento Editorial,</subfield><subfield code="c">[1961]</subfield></datafield><datafield ind1=" " ind2=" " tag="300"><subfield code="a">399 p. ;</subfield><subfield code="c">24 cm.</subfield></datafield><datafield ind1="0" ind2=" " tag="490"><subfield code="a">Publicaciones del Instituto de Filolog&#237;a Hisp&#225;nica</subfield></datafield><datafield ind1=" " ind2=" " tag="504"><subfield code="a">Includes bibliographical references.</subfield></datafield><datafield ind1=" " ind2=" " tag="546"><subfield code="a">Spanish.</subfield></datafield><datafield ind1=" " ind2="0" tag="650"><subfield code="a">Spanish language</subfield><subfield code="x">Versification.</subfield></datafield><datafield ind1=" " ind2=" " tag="035"><subfield code="a">(TxDaGIAL)37741100014274</subfield></datafield><controlfield tag="005">20080624155403.0</controlfield><controlfield tag="001">2820</controlfield><controlfield tag="003">TxDaGIAL</controlfield><datafield ind1=" " ind2=" " tag="852"><subfield code="p">37741100014274</subfield><subfield code="a">Library</subfield><subfield code="x">COPYID:3344</subfield><subfield code="x">FSC@aRegular@c19961217</subfield><subfield code="h">861 H519e 1961</subfield><subfield code="z">2262</subfield></datafield></record>