
<record><leader>00985mam a2200241 a 4500</leader><controlfield tag="008">870611s1981    gh            000 0 eng d</controlfield><datafield ind1=" " ind2=" " tag="035"><subfield code="a">(OCoLC)25938225</subfield></datafield><datafield ind1=" " ind2=" " tag="040"><subfield code="a">INU</subfield><subfield code="c">INU</subfield><subfield code="d">OCL</subfield><subfield code="d">IUL</subfield><subfield code="d">TxDaGIAL</subfield></datafield><datafield ind1=" " ind2=" " tag="043"><subfield code="a">f-gh---</subfield></datafield><datafield ind1="1" ind2=" " tag="100"><subfield code="a">Ring, James Andrew.</subfield></datafield><datafield ind1="1" ind2="0" tag="245"><subfield code="a">Ewe as a second language :</subfield><subfield code="b">a sociolinguistic survey of Ghana's Central Volta region.</subfield></datafield><datafield ind1=" " ind2=" " tag="260"><subfield code="a">&lt;S.l.&gt; :</subfield><subfield code="b">University of Ghana, Institute of African Studies,</subfield><subfield code="c">1981.</subfield></datafield><datafield ind1=" " ind2=" " tag="300"><subfield code="a">iv, 49 p. ;</subfield><subfield code="c">30 cm.</subfield></datafield><datafield ind1="0" ind2=" " tag="490"><subfield code="a">Research review / University of Ghana, Institute of African Studies ;</subfield><subfield code="v">v. 12, no.2-3</subfield></datafield><datafield ind1=" " ind2=" " tag="504"><subfield code="a">Includes bibliographical references (p. 49).</subfield></datafield><datafield ind1=" " ind2="0" tag="650"><subfield code="a">Sociolinguistics</subfield><subfield code="z">Ghana.</subfield></datafield><datafield ind1=" " ind2="0" tag="650"><subfield code="a">Ewe language.</subfield></datafield><datafield ind1=" " ind2=" " tag="035"><subfield code="a">(TxDaGIAL)37741100019587</subfield></datafield><controlfield tag="005">20080624155439.0</controlfield><controlfield tag="001">2955</controlfield><controlfield tag="003">TxDaGIAL</controlfield><datafield ind1=" " ind2=" " tag="852"><subfield code="p">37741100019587</subfield><subfield code="a">Library</subfield><subfield code="x">COPYID:3502</subfield><subfield code="x">FSC@aRegular@c19970807</subfield><subfield code="h">306.449667 R581e 1981</subfield><subfield code="z">9616</subfield></datafield><datafield ind1=" " ind2=" " tag="852"><subfield code="p">37741100019588</subfield><subfield code="a">Library</subfield><subfield code="x">COPYID:3503</subfield><subfield code="x">FSC@aRegular@c19970807</subfield><subfield code="h">306.449667 R581e 1981</subfield></datafield></record>