
<record><leader>01015cam a22002530i 4500</leader><controlfield tag="008">810618s1980    miu   a     b       eng h</controlfield><datafield ind1=" " ind2=" " tag="020"><subfield code="a">0897200136</subfield></datafield><datafield ind1=" " ind2=" " tag="020"><subfield code="a">0897200144 (pbk.)</subfield></datafield><datafield ind1=" " ind2=" " tag="040"><subfield code="a">ohm</subfield><subfield code="b">eng</subfield></datafield><datafield ind1=" " ind2="4" tag="050"><subfield code="a">PG2380</subfield><subfield code="b">B27</subfield></datafield><datafield ind1="1" ind2="0" tag="100"><subfield code="a">Babby, Leonard H.</subfield><subfield code="q">(Leonard Harvey)</subfield></datafield><datafield ind1="1" ind2="0" tag="245"><subfield code="a">Existential sentences and negation in Russian /</subfield><subfield code="c">Leonard H. Babby ; with a foreword by Bernard Comrie.</subfield></datafield><datafield ind1="0" ind2="0" tag="260"><subfield code="a">Ann Arbor :</subfield><subfield code="b">Karoma,</subfield><subfield code="c">1980.</subfield></datafield><datafield ind1=" " ind2=" " tag="300"><subfield code="a">xxiii, 180 p. :</subfield><subfield code="b">diagrs. ;</subfield><subfield code="c">23 cm.</subfield></datafield><datafield ind1=" " ind2="0" tag="440"><subfield code="a">Linguistica extranea.</subfield><subfield code="p">Studia ;</subfield><subfield code="v">8</subfield></datafield><datafield ind1=" " ind2=" " tag="504"><subfield code="a">Bibliography: p. [173]-180.</subfield></datafield><datafield ind1=" " ind2="0" tag="650"><subfield code="a">Russian language</subfield><subfield code="x">Negatives.</subfield></datafield><datafield ind1=" " ind2="0" tag="650"><subfield code="a">Russian language</subfield><subfield code="x">Sentences.</subfield></datafield><datafield ind1=" " ind2=" " tag="035"><subfield code="a">(TxDaGIAL)37741100017567</subfield></datafield><controlfield tag="005">20080624155442.0</controlfield><controlfield tag="001">2970</controlfield><controlfield tag="003">TxDaGIAL</controlfield><datafield ind1=" " ind2=" " tag="852"><subfield code="p">37741100017567</subfield><subfield code="a">Library</subfield><subfield code="9">$0.00</subfield><subfield code="x">COPYID:3523</subfield><subfield code="x">FSC@aRegular@c19970513</subfield><subfield code="h">491.75 B112e 1980</subfield><subfield code="z">Ethel Wallis gift 9-96</subfield></datafield><datafield ind1=" " ind2=" " tag="852"><subfield code="p">37741100022531</subfield><subfield code="a">Library</subfield><subfield code="9">$0.00</subfield><subfield code="x">COPYID:3524</subfield><subfield code="x">FSC@aRegular@c19981005</subfield><subfield code="h">491.75 B112e 1980</subfield><subfield code="z">Gift Maria &amp; Frank Brandon 7-98</subfield></datafield></record>