
<record><leader>00948nam a2200253 a 4500</leader><controlfield tag="008">871028s1988    cau      b   s00110 eng  </controlfield><datafield ind1=" " ind2=" " tag="010"><subfield code="a">   87083156</subfield></datafield><datafield ind1=" " ind2=" " tag="020"><subfield code="z">0557290008</subfield></datafield><datafield ind1=" " ind2=" " tag="040"><subfield code="a">DLC</subfield><subfield code="c">DLC</subfield><subfield code="d">DLC</subfield></datafield><datafield ind1="0" ind2="0" tag="050"><subfield code="a">PL923</subfield><subfield code="b">.S65 1988</subfield></datafield><datafield ind1="0" ind2="0" tag="082"><subfield code="a">495.7/5</subfield><subfield code="2">20</subfield></datafield><datafield ind1="1" ind2="0" tag="100"><subfield code="a">Song, Seok C.</subfield><subfield code="q">(Seok Choong)</subfield></datafield><datafield ind1="1" ind2="0" tag="245"><subfield code="a">Explorations in Korean syntax and semantics /</subfield><subfield code="c">Seok Choong Song.</subfield></datafield><datafield ind1="0" ind2=" " tag="260"><subfield code="a">Berkeley, Calif. :</subfield><subfield code="b">Institute of East Asian Studies, University of California-Berkeley, Center for Korean Studies,</subfield><subfield code="c">c1988.</subfield></datafield><datafield ind1=" " ind2=" " tag="300"><subfield code="a">xiv, 378 p. ;</subfield><subfield code="c">23 cm.</subfield></datafield><datafield ind1=" " ind2="0" tag="440"><subfield code="a">Korea research monograph ;</subfield><subfield code="v">14</subfield></datafield><datafield ind1=" " ind2=" " tag="504"><subfield code="a">Includes bibliographical references (p. 367-375).</subfield></datafield><datafield ind1=" " ind2="0" tag="650"><subfield code="a">Korean language</subfield><subfield code="x">Syntax.</subfield></datafield><datafield ind1=" " ind2="0" tag="650"><subfield code="a">Korean language</subfield><subfield code="x">Semantics.</subfield></datafield><datafield ind1=" " ind2=" " tag="035"><subfield code="a">(TxDaGIAL)37741100009358</subfield></datafield><controlfield tag="005">20080624155450.0</controlfield><controlfield tag="001">2997</controlfield><controlfield tag="003">TxDaGIAL</controlfield><datafield ind1=" " ind2=" " tag="852"><subfield code="p">37741100009358</subfield><subfield code="a">Library</subfield><subfield code="9">$20.00</subfield><subfield code="x">COPYID:3551</subfield><subfield code="x">FSC@aRegular@c19951108</subfield><subfield code="h">495.75 S698e 1988</subfield><subfield code="z">B/T 7-90</subfield></datafield></record>