
<record><leader>00953nam a2200265Ia 4500</leader><controlfield tag="008">901010s1990    xx       b    00010 eng d</controlfield><datafield ind1=" " ind2=" " tag="035"><subfield code="a">(CU-UC)6556684</subfield></datafield><datafield ind1=" " ind2=" " tag="040"><subfield code="a">CLU</subfield><subfield code="c">CLU</subfield></datafield><datafield ind1="1" ind2="0" tag="100"><subfield code="a">Broadwell, George Aaron,</subfield><subfield code="d">1962-</subfield></datafield><datafield ind1="1" ind2="0" tag="245"><subfield code="a">Extending the Binding Theory :</subfield><subfield code="b">A Muskogean case study /</subfield><subfield code="c">by George Aaron Broadwell.</subfield></datafield><datafield ind1="1" ind2=" " tag="260"><subfield code="c">1990.</subfield></datafield><datafield ind1=" " ind2=" " tag="300"><subfield code="a">xvii, 365 leaves ;</subfield><subfield code="c">29 cm.</subfield></datafield><datafield ind1=" " ind2=" " tag="500"><subfield code="a">Vita.</subfield></datafield><datafield ind1=" " ind2=" " tag="502"><subfield code="a">Thesis (Ph. D.)--UCLA, 1990.</subfield></datafield><datafield ind1=" " ind2=" " tag="504"><subfield code="a">Bibliography: leaves 355-365.</subfield></datafield><datafield ind1=" " ind2=" " tag="546"><subfield code="a">English.</subfield></datafield><datafield ind1=" " ind2="0" tag="650"><subfield code="a">Choctaw language</subfield><subfield code="x">Morphology.</subfield></datafield><datafield ind1=" " ind2="0" tag="650"><subfield code="a">Choctaw language</subfield><subfield code="x">Syntax.</subfield></datafield><datafield ind1=" " ind2="0" tag="650"><subfield code="a">Choctaw language</subfield><subfield code="x">Switch reference.</subfield></datafield><datafield ind1="2" ind2="0" tag="610"><subfield code="a">University of California, Los Angeles</subfield><subfield code="x">Dissertations.</subfield></datafield><datafield ind1=" " ind2=" " tag="035"><subfield code="a">(TxDaGIAL)37741100021476</subfield></datafield><controlfield tag="005">20080624155458.0</controlfield><controlfield tag="001">3030</controlfield><controlfield tag="003">TxDaGIAL</controlfield><datafield ind1=" " ind2=" " tag="852"><subfield code="p">37741100021476</subfield><subfield code="a">Library</subfield><subfield code="9">$10.00</subfield><subfield code="x">FUND:Ling</subfield><subfield code="x">COPYID:3600</subfield><subfield code="x">FSC@aRegular@c19971028</subfield><subfield code="h">497.382 B863e 1990</subfield><subfield code="z">Dir. UCLA Dept. of Ling. 10-97</subfield></datafield></record>