
<record><leader>00938nam a2200241 a 4500</leader><controlfield tag="008">860709s1982    sr a          00010 eng d</controlfield><datafield ind1=" " ind2=" " tag="035"><subfield code="a">(CU-UC)4274053</subfield></datafield><datafield ind1=" " ind2=" " tag="040"><subfield code="a">NYP</subfield><subfield code="c">NYP</subfield><subfield code="d">m/c</subfield><subfield code="d">CLU</subfield></datafield><datafield ind1="0" ind2=" " tag="041"><subfield code="a">engcpe</subfield></datafield><datafield ind1="1" ind2="0" tag="100"><subfield code="a">Nickel, John.</subfield></datafield><datafield ind1="1" ind2="0" tag="245"><subfield code="a">Fa foe taki Sranan Tongo :</subfield><subfield code="b">an audio-visual course in Sranan Tongo /</subfield><subfield code="c">lessons prepared by John &amp; Marilyn Nickel.</subfield></datafield><datafield ind1="0" ind2=" " tag="260"><subfield code="a">Paramaribo :</subfield><subfield code="b">Instituut voor Taalwetenschap,</subfield><subfield code="c">c1982.</subfield></datafield><datafield ind1=" " ind2=" " tag="300"><subfield code="a">vi, 117 p. :</subfield><subfield code="b">ill. ;</subfield><subfield code="c">26 cm.</subfield></datafield><datafield ind1=" " ind2="0" tag="440"><subfield code="a">Languages of the Guianas ;</subfield><subfield code="v">v. 6</subfield></datafield><datafield ind1=" " ind2=" " tag="546"><subfield code="a">English.</subfield></datafield><datafield ind1=" " ind2="0" tag="650"><subfield code="a">Sranan language</subfield><subfield code="v">Textbooks for foreign speakers</subfield><subfield code="x">English.</subfield></datafield><datafield ind1="1" ind2="0" tag="700"><subfield code="a">Nickel, Marilyn.</subfield></datafield><datafield ind1=" " ind2=" " tag="035"><subfield code="a">(TxDaGIAL)37741100016685</subfield></datafield><controlfield tag="005">20080624155500.0</controlfield><controlfield tag="001">3041</controlfield><controlfield tag="003">TxDaGIAL</controlfield><datafield ind1=" " ind2=" " tag="852"><subfield code="p">37741100016685</subfield><subfield code="a">Library</subfield><subfield code="x">COPYID:3613</subfield><subfield code="x">FSC@aRegular@c19970410</subfield><subfield code="h">427.9883 N632f 1982</subfield><subfield code="z">9873</subfield></datafield><datafield ind1=" " ind2=" " tag="852"><subfield code="p">37741100016693</subfield><subfield code="a">Library</subfield><subfield code="x">COPYID:3614</subfield><subfield code="x">FSC@aRegular@c19970410</subfield><subfield code="h">427.9883 N632f 1982</subfield><subfield code="z">9617</subfield></datafield></record>