
<record><leader>00913nam a2200229 a 4500</leader><controlfield tag="008">970411s1984    txu           000 0 eng d</controlfield><datafield ind1=" " ind2=" " tag="040"><subfield code="a">TxDaGIAL</subfield><subfield code="c">TxDaGIAL</subfield></datafield><datafield ind1=" " ind2=" " tag="094"><subfield code="a">mps00</subfield><subfield code="2">ROPAL</subfield></datafield><datafield ind1="1" ind2=" " tag="100"><subfield code="a">Whitby, Clyde M.</subfield></datafield><datafield ind1="1" ind2="0" tag="245"><subfield code="a">Features of Dadibi epistolary discourse /</subfield><subfield code="c">by Clyde Marvin Whitby.</subfield></datafield><datafield ind1=" " ind2=" " tag="260"><subfield code="c">1984.</subfield></datafield><datafield ind1=" " ind2=" " tag="300"><subfield code="a">x, 178 leaves (some folded) :</subfield><subfield code="b">ill., charts ;</subfield><subfield code="c">28 cm.</subfield></datafield><datafield ind1=" " ind2=" " tag="502"><subfield code="a">Thesis (M.A.)--University of Texas at Arlington,1984.</subfield></datafield><datafield ind1=" " ind2=" " tag="504"><subfield code="a">Bibliography : leaves 173-174.</subfield></datafield><datafield ind1=" " ind2="0" tag="650"><subfield code="a">Dadibi language.</subfield></datafield><datafield ind1="2" ind2="0" tag="610"><subfield code="a">University of Texas at Arlington.</subfield><subfield code="b">Graduate School</subfield><subfield code="x">Dissertations.</subfield></datafield><datafield ind1=" " ind2=" " tag="035"><subfield code="a">(TxDaGIAL)37741100016740</subfield></datafield><controlfield tag="005">20080624155510.0</controlfield><controlfield tag="001">3080</controlfield><controlfield tag="003">TxDaGIAL</controlfield><datafield ind1=" " ind2=" " tag="852"><subfield code="p">37741100016740</subfield><subfield code="a">Library</subfield><subfield code="x">COPYID:3655</subfield><subfield code="x">FSC@aRegular@c19970414</subfield><subfield code="h">499.1263 W579f 1984</subfield><subfield code="z">10376</subfield></datafield><datafield ind1=" " ind2=" " tag="852"><subfield code="p">37741100016741</subfield><subfield code="a">Library</subfield><subfield code="9">$0.00</subfield><subfield code="x">COPYID:3656</subfield><subfield code="x">FSC@aRegular@c19970414</subfield><subfield code="h">499.1263 W579f 1984</subfield><subfield code="z">Gift 5-89</subfield></datafield></record>