
<record><leader>00639cam a2200205 i 4500</leader><controlfield tag="008">690701s1924    ii            0 0 0 eng x</controlfield><datafield ind1=" " ind2=" " tag="040"><subfield code="a">OTU</subfield><subfield code="b">ENG</subfield><subfield code="d">TxDaGIAL</subfield></datafield><datafield ind1=" " ind2="4" tag="050"><subfield code="a">PK1963</subfield><subfield code="b">D3 1924</subfield></datafield><datafield ind1="0" ind2="4" tag="082"><subfield code="a">491.439</subfield><subfield code="2">21</subfield></datafield><datafield ind1="1" ind2="0" tag="100"><subfield code="a">Dann, George James.</subfield></datafield><datafield ind1="1" ind2="0" tag="245"><subfield code="a">First lessons in Urdu /</subfield><subfield code="c">by George J. Dann.</subfield></datafield><datafield ind1=" " ind2=" " tag="250"><subfield code="a">2nd ed.</subfield></datafield><datafield ind1="0" ind2=" " tag="260"><subfield code="a">Calcutta :</subfield><subfield code="b">Printed at the Baptist Mission Press,</subfield><subfield code="c">1924.</subfield></datafield><datafield ind1=" " ind2=" " tag="300"><subfield code="a">152p.</subfield></datafield><datafield ind1=" " ind2="0" tag="650"><subfield code="a">Urdu language</subfield><subfield code="x">Grammar.</subfield></datafield><datafield ind1=" " ind2=" " tag="035"><subfield code="a">(TxDaGIAL)37741100014525</subfield></datafield><controlfield tag="005">20080624155524.0</controlfield><controlfield tag="001">3140</controlfield><controlfield tag="003">TxDaGIAL</controlfield><datafield ind1=" " ind2=" " tag="852"><subfield code="p">37741100014525</subfield><subfield code="a">Library</subfield><subfield code="x">COPYID:3730</subfield><subfield code="x">FSC@aRegular@c19970121</subfield><subfield code="h">491.439 D188f 1924</subfield><subfield code="z">231</subfield></datafield></record>