
<record><leader>00904nam a2200265Ii 4500</leader><controlfield tag="008">800201s1979    cau      b    00010 eng d</controlfield><datafield ind1=" " ind2=" " tag="035"><subfield code="a">(CU-UC)1862806</subfield></datafield><datafield ind1=" " ind2=" " tag="040"><subfield code="c">CLU</subfield><subfield code="d">TxDaGIAL</subfield></datafield><datafield ind1=" " ind2=" " tag="094"><subfield code="a">agq00</subfield><subfield code="2">ROPAL</subfield></datafield><datafield ind1="1" ind2="0" tag="100"><subfield code="a">Watters, John Robert.</subfield></datafield><datafield ind1="1" ind2="0" tag="245"><subfield code="a">Focus in Aghem :</subfield><subfield code="b">a study of its formal correlates and typology /</subfield><subfield code="c">By John Robert Watters.</subfield></datafield><datafield ind1="0" ind2=" " tag="260"><subfield code="c">1979.</subfield></datafield><datafield ind1=" " ind2=" " tag="300"><subfield code="a">x, 154 leaves ;</subfield><subfield code="c">28 cm.</subfield></datafield><datafield ind1=" " ind2=" " tag="500"><subfield code="a">Photocopy of typescript.</subfield></datafield><datafield ind1=" " ind2=" " tag="502"><subfield code="a">Thesis (M. A.)--University of California, Los Angeles, 1979.</subfield></datafield><datafield ind1=" " ind2=" " tag="504"><subfield code="a">Bibliography: leaves 151-154.</subfield></datafield><datafield ind1=" " ind2=" " tag="546"><subfield code="a">English.</subfield></datafield><datafield ind1=" " ind2="0" tag="650"><subfield code="a">Aghem language.</subfield></datafield><datafield ind1=" " ind2="0" tag="650"><subfield code="a">Bantu languages.</subfield></datafield><datafield ind1="2" ind2="0" tag="610"><subfield code="a">University of California, Los Angeles</subfield><subfield code="x">Thesis.</subfield></datafield><datafield ind1=" " ind2=" " tag="035"><subfield code="a">(TxDaGIAL)37741100015816</subfield></datafield><controlfield tag="005">20080624155529.0</controlfield><controlfield tag="001">3159</controlfield><controlfield tag="003">TxDaGIAL</controlfield><datafield ind1=" " ind2=" " tag="852"><subfield code="p">37741100015816</subfield><subfield code="a">Library</subfield><subfield code="x">COPYID:3757</subfield><subfield code="x">FSC@aRegular@c19970312</subfield><subfield code="h">496.395 W346f 1979</subfield><subfield code="z">7743</subfield></datafield></record>