
<record><leader>01120pam a2200289 a 4500</leader><controlfield tag="008">900102s1990    dcua     b   f00010 eng  </controlfield><datafield ind1=" " ind2=" " tag="010"><subfield code="a">   89600388</subfield></datafield><datafield ind1=" " ind2=" " tag="040"><subfield code="a">DLC</subfield><subfield code="c">DLC</subfield><subfield code="d">DLC</subfield></datafield><datafield ind1=" " ind2=" " tag="043"><subfield code="a">a-io---</subfield></datafield><datafield ind1="0" ind2="0" tag="050"><subfield code="a">GN1</subfield><subfield code="b">.S54 no. 34</subfield><subfield code="a">GR324.5.T62</subfield></datafield><datafield ind1="0" ind2="0" tag="082"><subfield code="a">301 s</subfield><subfield code="a">306.4/5</subfield><subfield code="2">20</subfield></datafield><datafield ind1="0" ind2=" " tag="086"><subfield code="a">SI 1.33:34</subfield></datafield><datafield ind1="1" ind2="0" tag="100"><subfield code="a">Taylor, Paul Michael,</subfield><subfield code="d">1953-</subfield></datafield><datafield ind1="1" ind2="4" tag="245"><subfield code="a">The folk biology of the Tobelo people :</subfield><subfield code="b">a study in folk classification /</subfield><subfield code="c">Paul Michael Taylor.</subfield></datafield><datafield ind1="0" ind2=" " tag="260"><subfield code="a">Washington, D.C. :</subfield><subfield code="b">Smithsonian Institution Press,</subfield><subfield code="c">1990.</subfield></datafield><datafield ind1=" " ind2=" " tag="300"><subfield code="a">vii, 187 p. :</subfield><subfield code="b">ill. ;</subfield><subfield code="c">28 cm.</subfield></datafield><datafield ind1=" " ind2="0" tag="440"><subfield code="a">Smithsonian contributions to anthropology ;</subfield><subfield code="v">no. 34</subfield></datafield><datafield ind1=" " ind2=" " tag="504"><subfield code="a">Includes bibliographical references (p. 185-187).</subfield></datafield><datafield ind1=" " ind2="0" tag="650"><subfield code="a">Tobelo (Indonesian people)</subfield><subfield code="v">Folklore.</subfield></datafield><datafield ind1=" " ind2="0" tag="650"><subfield code="a">Folklore</subfield><subfield code="z">Indonesia</subfield><subfield code="z">Maluku</subfield><subfield code="v">Classification.</subfield></datafield><datafield ind1=" " ind2="0" tag="650"><subfield code="a">Human ecology</subfield><subfield code="z">Indonesia</subfield><subfield code="z">Maluku.</subfield></datafield><datafield ind1=" " ind2="0" tag="650"><subfield code="a">Tobelo language</subfield><subfield code="v">Classification.</subfield></datafield><datafield ind1=" " ind2=" " tag="035"><subfield code="a">(TxDaGIAL)37741100011610</subfield></datafield><controlfield tag="005">20080624155530.0</controlfield><controlfield tag="001">3163</controlfield><controlfield tag="003">TxDaGIAL</controlfield><datafield ind1=" " ind2=" " tag="852"><subfield code="p">37741100011610</subfield><subfield code="a">Library</subfield><subfield code="9">$0.00</subfield><subfield code="x">COPYID:3761</subfield><subfield code="x">FSC@aRegular@c19971128</subfield><subfield code="h">306.45 T245f 1990</subfield><subfield code="z">Exchange 7-90</subfield></datafield></record>