
<record><leader>00937cam a2200265 i 4500</leader><controlfield tag="008">710505s1969    txuab    b    000 0 eng  </controlfield><datafield ind1=" " ind2=" " tag="010"><subfield code="a">   70023090 //r90</subfield></datafield><datafield ind1=" " ind2=" " tag="040"><subfield code="a">DLC</subfield><subfield code="c">DLC</subfield><subfield code="d">DLC</subfield><subfield code="d">TxDaGIAL</subfield></datafield><datafield ind1="0" ind2="0" tag="050"><subfield code="a">F3430.1.C35</subfield><subfield code="b">W5</subfield></datafield><datafield ind1="0" ind2="0" tag="082"><subfield code="a">398.2/098</subfield></datafield><datafield ind1=" " ind2=" " tag="094"><subfield code="a">cbr00</subfield><subfield code="2">ROPAL</subfield></datafield><datafield ind1="1" ind2="0" tag="100"><subfield code="a">Robinson, Lila Wistrand,</subfield><subfield code="d">1931-</subfield></datafield><datafield ind1="1" ind2="0" tag="245"><subfield code="a">Folkloric and linguistic analyses of Cashibo narrative prose.</subfield><subfield code="c">by Lila May Wistrand</subfield></datafield><datafield ind1="0" ind2=" " tag="260"><subfield code="c">1969.</subfield></datafield><datafield ind1=" " ind2=" " tag="300"><subfield code="a">xiii, 359 leaves :</subfield><subfield code="b">ill., maps. ;</subfield><subfield code="c">28 cm.</subfield></datafield><datafield ind1=" " ind2=" " tag="502"><subfield code="a">Thesis(Ph.D.)--University of Texas at Austin, 1969.</subfield></datafield><datafield ind1=" " ind2=" " tag="500"><subfield code="a">Photocopy of typescript.</subfield></datafield><datafield ind1=" " ind2=" " tag="504"><subfield code="a">Includes bibliographical references (leaves 352-359).</subfield></datafield><datafield ind1=" " ind2="0" tag="650"><subfield code="a">Cashibo Indians</subfield><subfield code="v">Folklore.</subfield></datafield><datafield ind1=" " ind2="0" tag="650"><subfield code="a">Cashibo language.</subfield></datafield><datafield ind1=" " ind2=" " tag="035"><subfield code="a">(TxDaGIAL)37741100016513</subfield></datafield><controlfield tag="005">20080624155531.0</controlfield><controlfield tag="001">3170</controlfield><controlfield tag="003">TxDaGIAL</controlfield><datafield ind1=" " ind2=" " tag="852"><subfield code="p">37741100016513</subfield><subfield code="a">Library</subfield><subfield code="x">COPYID:3768</subfield><subfield code="x">FSC@aRegular@c19970403</subfield><subfield code="h">398.20985 R662f 1969</subfield><subfield code="z">3047</subfield></datafield></record>