
<record><leader>00820nam a2200217 a 4500</leader><controlfield tag="008">970930t19741982miu           000 0 eng d</controlfield><datafield ind1=" " ind2=" " tag="040"><subfield code="a">TxDaGIAL</subfield><subfield code="c">TxDaGIAL</subfield></datafield><datafield ind1="1" ind2=" " tag="100"><subfield code="a">Abdulky, Vicki June,</subfield><subfield code="d">1942-</subfield></datafield><datafield ind1="1" ind2="2" tag="245"><subfield code="a">A formational aproach to the semantic structure of Nepali /</subfield><subfield code="c">by Vicki June Abdulky.</subfield></datafield><datafield ind1=" " ind2=" " tag="260"><subfield code="c">1974.</subfield></datafield><datafield ind1=" " ind2=" " tag="300"><subfield code="a">vi, 192 leaves ;</subfield><subfield code="c">21 cm.</subfield></datafield><datafield ind1=" " ind2=" " tag="502"><subfield code="a">Thesis (Ph.D.)--Cornell University, 1974.</subfield></datafield><datafield ind1=" " ind2=" " tag="504"><subfield code="a">Bibliography: leaves 190-192.</subfield></datafield><datafield ind1=" " ind2=" " tag="533"><subfield code="a">Facsim.</subfield><subfield code="b">Ann Arbor, Mich. :</subfield><subfield code="c">University Microfilms International,</subfield><subfield code="d">1982.</subfield></datafield><datafield ind1=" " ind2="0" tag="650"><subfield code="a">Nepali language</subfield><subfield code="x">Semantics.</subfield></datafield><datafield ind1="2" ind2="0" tag="610"><subfield code="a">Cornell University</subfield><subfield code="x">Dissertations.</subfield></datafield><datafield ind1=" " ind2=" " tag="035"><subfield code="a">(TxDaGIAL)37741100020732</subfield></datafield><controlfield tag="005">20080624155541.0</controlfield><controlfield tag="001">3216</controlfield><controlfield tag="003">TxDaGIAL</controlfield><datafield ind1=" " ind2=" " tag="852"><subfield code="p">37741100020732</subfield><subfield code="a">Library</subfield><subfield code="x">COPYID:3822</subfield><subfield code="x">FSC@aRegular@c19971128</subfield><subfield code="h">491.495 A136f 1974</subfield><subfield code="z">8115</subfield></datafield></record>