
<record><leader>00927cam a2200277 i 4500</leader><controlfield tag="008">790314s1976    gh            00010 eng  </controlfield><datafield ind1=" " ind2=" " tag="010"><subfield code="a">   78322940 //r932</subfield></datafield><datafield ind1=" " ind2=" " tag="040"><subfield code="a">DLC</subfield><subfield code="c">DLC</subfield><subfield code="d">DLC</subfield></datafield><datafield ind1="1" ind2=" " tag="041"><subfield code="a">engnic</subfield></datafield><datafield ind1=" " ind2=" " tag="043"><subfield code="a">f-gh---</subfield></datafield><datafield ind1="0" ind2="0" tag="050"><subfield code="a">DT510.42</subfield><subfield code="b">.T49</subfield></datafield><datafield ind1="0" ind2="0" tag="082"><subfield code="a">966.7</subfield></datafield><datafield ind1="1" ind2="0" tag="100"><subfield code="a">Teviu, Adjewo.</subfield></datafield><datafield ind1="1" ind2="4" tag="245"><subfield code="a">The founding of Paga /</subfield><subfield code="c">by Adjewo Teviu and John Callow.</subfield></datafield><datafield ind1="0" ind2=" " tag="260"><subfield code="a">[Legon :</subfield><subfield code="b">University of Ghana, Institute of African Studies,</subfield><subfield code="c">1976]</subfield></datafield><datafield ind1=" " ind2=" " tag="300"><subfield code="a">[37] p. ;</subfield><subfield code="c">25 cm.</subfield></datafield><datafield ind1=" " ind2=" " tag="500"><subfield code="a">Kasena text with English translation.</subfield></datafield><datafield ind1=" " ind2="0" tag="650"><subfield code="a">Kasem (African people)</subfield><subfield code="x">History.</subfield></datafield><datafield ind1=" " ind2="0" tag="651"><subfield code="a">Paga, Ghana</subfield><subfield code="x">History.</subfield></datafield><datafield ind1=" " ind2="0" tag="650"><subfield code="a">Kasem language</subfield><subfield code="v">Texts.</subfield></datafield><datafield ind1="1" ind2="0" tag="700"><subfield code="a">Callow, John,</subfield><subfield code="d">1933-</subfield><subfield code="e">joint author.</subfield></datafield><datafield ind1=" " ind2=" " tag="035"><subfield code="a">(TxDaGIAL)37741100000770</subfield></datafield><controlfield tag="005">20080624155545.0</controlfield><controlfield tag="001">3232</controlfield><controlfield tag="003">TxDaGIAL</controlfield><datafield ind1=" " ind2=" " tag="852"><subfield code="p">37741100000770</subfield><subfield code="a">Library</subfield><subfield code="9">$0.00</subfield><subfield code="x">COPYID:3840</subfield><subfield code="x">FSC@aRegular@c19950131</subfield><subfield code="h">966.7 T353f 1976</subfield><subfield code="z">ling. coord. 1994</subfield></datafield></record>