
<record><leader>01093nam a2200253 i 4500</leader><controlfield tag="008">860303r1970    at       b   f00010 eng d</controlfield><datafield ind1=" " ind2=" " tag="035"><subfield code="a">(CU-UC)2701974</subfield></datafield><datafield ind1=" " ind2=" " tag="040"><subfield code="a">MH</subfield><subfield code="c">MH</subfield><subfield code="d">NIC</subfield><subfield code="d">CStRLIN</subfield><subfield code="d">CU-SB</subfield></datafield><datafield ind1="1" ind2=" " tag="041"><subfield code="a">engvie</subfield></datafield><datafield ind1="1" ind2="0" tag="100"><subfield code="a">Nguy&#771;&#234;n, &#272;&#259;ng Li&#234;m.</subfield></datafield><datafield ind1="1" ind2="0" tag="245"><subfield code="a">Four-syllable idiomatic expressions in Vietnamese /</subfield><subfield code="c">by Nguyen Dang Liem.</subfield></datafield><datafield ind1="0" ind2=" " tag="260"><subfield code="a">Canberra :</subfield><subfield code="b">Pacific Linguistics, Australian National University,</subfield><subfield code="c">1970.</subfield></datafield><datafield ind1=" " ind2=" " tag="300"><subfield code="a">v, 60, 7p. ;</subfield><subfield code="c">26 cm.</subfield></datafield><datafield ind1="1" ind2=" " tag="490"><subfield code="a">Pacific Linguistics.: Series D ;</subfield><subfield code="v">no. 6</subfield></datafield><datafield ind1=" " ind2=" " tag="500"><subfield code="a">"Originally published as Translation Series, no. 35 ... published under the auspices of the Research Publications and Translations Institute of Advanced Projects, East-West Center."</subfield></datafield><datafield ind1=" " ind2=" " tag="504"><subfield code="a">Includes bibliographical references.</subfield></datafield><datafield ind1=" " ind2=" " tag="546"><subfield code="a">English.</subfield></datafield><datafield ind1=" " ind2="0" tag="650"><subfield code="a">Vietnamese language</subfield><subfield code="x">Idioms, corrections, errors.</subfield></datafield><datafield ind1=" " ind2="0" tag="830"><subfield code="a">Pacific linguistics.</subfield><subfield code="n">Series D ;</subfield><subfield code="v">no. 6.</subfield></datafield><datafield ind1=" " ind2=" " tag="035"><subfield code="a">(TxDaGIAL)37741100021708</subfield></datafield><controlfield tag="005">20080624155546.0</controlfield><controlfield tag="001">3238</controlfield><controlfield tag="003">TxDaGIAL</controlfield><datafield ind1=" " ind2=" " tag="852"><subfield code="p">37741100021708</subfield><subfield code="a">Library</subfield><subfield code="x">COPYID:3847</subfield><subfield code="x">FSC@aRegular@c19971106</subfield><subfield code="h">495.922 N576f 1970</subfield></datafield></record>