
<record><leader>01033nam a2200277 a 4500</leader><controlfield tag="008">930701s1985    ne a     b    001 0 eng  </controlfield><datafield ind1=" " ind2=" " tag="010"><subfield code="a">   93173308</subfield></datafield><datafield ind1=" " ind2=" " tag="020"><subfield code="a">9067651028</subfield></datafield><datafield ind1=" " ind2=" " tag="040"><subfield code="a">DLC</subfield><subfield code="c">DLC</subfield></datafield><datafield ind1="0" ind2="0" tag="050"><subfield code="a">PF1421</subfield><subfield code="b">.T54 1985</subfield></datafield><datafield ind1="0" ind2="0" tag="082"><subfield code="a">439/.282421</subfield><subfield code="2">20</subfield></datafield><datafield ind1="1" ind2=" " tag="100"><subfield code="a">Tiersma, Pieter Meijes.</subfield></datafield><datafield ind1="1" ind2="0" tag="245"><subfield code="a">Frisian reference grammar /</subfield><subfield code="c">Pieter Meijes Tiersma.</subfield></datafield><datafield ind1=" " ind2=" " tag="260"><subfield code="a">Dordrecht, Holland ;</subfield><subfield code="a">Cinnaminson, N.J., U.S.A. :</subfield><subfield code="b">Foris Publications,</subfield><subfield code="c">1985.</subfield></datafield><datafield ind1=" " ind2=" " tag="300"><subfield code="a">x, 157 p. :</subfield><subfield code="b">ill., maps ;</subfield><subfield code="c">24 cm.</subfield></datafield><datafield ind1="1" ind2=" " tag="490"><subfield code="a">Fryske Akademy ;</subfield><subfield code="v">nr. 644</subfield></datafield><datafield ind1=" " ind2=" " tag="500"><subfield code="a">Errata slip inserted.</subfield></datafield><datafield ind1=" " ind2=" " tag="504"><subfield code="a">Includes bibliographical references (p. [151]-154) and index.</subfield></datafield><datafield ind1=" " ind2="0" tag="650"><subfield code="a">Frisian language</subfield><subfield code="x">Grammar</subfield><subfield code="y">1950-</subfield></datafield><datafield ind1=" " ind2="0" tag="650"><subfield code="a">Frisian language</subfield><subfield code="v">Textbooks for foreign speakers</subfield><subfield code="x">English.</subfield></datafield><datafield ind1=" " ind2="0" tag="830"><subfield code="a">Fryske Akademy (Series) ;</subfield><subfield code="v">nr. 644.</subfield></datafield><datafield ind1=" " ind2=" " tag="035"><subfield code="a">(TxDaGIAL)37741100012022</subfield></datafield><controlfield tag="005">20080624155552.0</controlfield><controlfield tag="001">3265</controlfield><controlfield tag="003">TxDaGIAL</controlfield><datafield ind1=" " ind2=" " tag="852"><subfield code="p">37741100012022</subfield><subfield code="a">Library</subfield><subfield code="9">$27.71</subfield><subfield code="x">COPYID:3877</subfield><subfield code="x">FSC@aRegular@c19960618</subfield><subfield code="h">439.28 T564f 1985</subfield><subfield code="z">B/T 6-88</subfield></datafield></record>