
<record><leader>00864pam a2200253 i 4500</leader><controlfield tag="008">801015s1980    dcua     b    00110 eng  </controlfield><datafield ind1=" " ind2=" " tag="010"><subfield code="a">   80067212</subfield></datafield><datafield ind1=" " ind2=" " tag="020"><subfield code="a">0819113107 :</subfield><subfield code="c">$17.50</subfield></datafield><datafield ind1=" " ind2=" " tag="020"><subfield code="a">0819113115 (pbk.) :</subfield><subfield code="c">$9.50</subfield></datafield><datafield ind1=" " ind2=" " tag="040"><subfield code="a">DLC</subfield><subfield code="c">DLC</subfield><subfield code="d">TxDaGIAL</subfield></datafield><datafield ind1="0" ind2=" " tag="050"><subfield code="a">PC4071</subfield><subfield code="b">.B8</subfield></datafield><datafield ind1="0" ind2=" " tag="082"><subfield code="a">460</subfield><subfield code="2">19</subfield></datafield><datafield ind1="1" ind2="0" tag="100"><subfield code="a">Burt, John R.</subfield></datafield><datafield ind1="1" ind2="0" tag="245"><subfield code="a">From phonology to philology :</subfield><subfield code="b">an outline of descriptive and historical Spanish linguistics /</subfield><subfield code="c">John R. Burt.</subfield></datafield><datafield ind1="0" ind2=" " tag="260"><subfield code="a">Washington, D.C. :</subfield><subfield code="b">University Press of America,</subfield><subfield code="c">c1980.</subfield></datafield><datafield ind1=" " ind2=" " tag="300"><subfield code="a">viii, 200 p. :</subfield><subfield code="b">ill. ;</subfield><subfield code="c">21 cm.</subfield></datafield><datafield ind1=" " ind2=" " tag="504"><subfield code="a">Bibliography: p. 189-192.</subfield></datafield><datafield ind1=" " ind2=" " tag="500"><subfield code="a">Includes index.</subfield></datafield><datafield ind1=" " ind2="0" tag="650"><subfield code="a">Spanish language.</subfield></datafield><datafield ind1=" " ind2=" " tag="035"><subfield code="a">(TxDaGIAL)37741100007016</subfield></datafield><controlfield tag="005">20080624155555.0</controlfield><controlfield tag="001">3281</controlfield><controlfield tag="003">TxDaGIAL</controlfield><datafield ind1=" " ind2=" " tag="852"><subfield code="p">37741100007016</subfield><subfield code="a">Library</subfield><subfield code="x">COPYID:3897</subfield><subfield code="x">FSC@aRegular@c19950818</subfield><subfield code="h">460 B973f 1980</subfield><subfield code="z">7769</subfield></datafield></record>