
<record><leader>01213nam a2200289Ii 4500</leader><controlfield tag="008">830818s1979    ja       d    001 0 jpn  </controlfield><datafield ind1=" " ind2=" " tag="010"><subfield code="a">   81800440</subfield></datafield><datafield ind1=" " ind2=" " tag="035"><subfield code="a">(CU-UC)dlaisn7412442</subfield></datafield><datafield ind1=" " ind2=" " tag="040"><subfield code="a">DLC</subfield><subfield code="c">OSU</subfield><subfield code="d">OSU</subfield><subfield code="d">m/c</subfield><subfield code="d">OCoLC</subfield><subfield code="d">CLU</subfield></datafield><datafield ind1="0" ind2=" " tag="041"><subfield code="a">jpnengchi</subfield></datafield><datafield ind1="0" ind2=" " tag="050"><subfield code="a">PL1829</subfield><subfield code="b">.N34</subfield></datafield><datafield ind1="1" ind2=" " tag="100"><subfield code="a">Nakajima, Motoki.</subfield></datafield><datafield ind1="1" ind2="0" tag="245"><subfield code="a">Fukken Kango h&#333;gen kiso goish&#363; =</subfield><subfield code="b">A comparative lexicon of Fukien dialects /</subfield><subfield code="c">by Nakajima Motoki.</subfield></datafield><datafield ind1=" " ind2=" " tag="260"><subfield code="a">T&#333;ky&#333; :</subfield><subfield code="b">T&#333;ky&#333; Gaikokugo Daigaku Ajia Afurika Gengo Bunka Kenky&#363;jo,</subfield><subfield code="c">1979.</subfield></datafield><datafield ind1=" " ind2=" " tag="300"><subfield code="a">16, 353 p., [1] leaf of plates :</subfield><subfield code="b">map ;</subfield><subfield code="c">27 cm.</subfield></datafield><datafield ind1=" " ind2=" " tag="500"><subfield code="a">Added t.p.: A comparative lexicon of Fukien dialects.</subfield></datafield><datafield ind1=" " ind2=" " tag="500"><subfield code="a">Chinese, English, and Japanese.</subfield></datafield><datafield ind1=" " ind2=" " tag="500"><subfield code="a">Includes index.</subfield></datafield><datafield ind1=" " ind2=" " tag="546"><subfield code="a">Japanese.</subfield></datafield><datafield ind1=" " ind2="0" tag="650"><subfield code="a">Chinese language</subfield><subfield code="x">Dialects</subfield><subfield code="z">China</subfield><subfield code="z">Fu-chou shih (Fukien Provience)</subfield><subfield code="v">Glossaries, vocabularies, etc.</subfield></datafield><datafield ind1=" " ind2="0" tag="650"><subfield code="a">Chinese language</subfield><subfield code="x">Dialects</subfield><subfield code="z">China</subfield><subfield code="z">Fukien Province</subfield><subfield code="v">Glossaries, vocabularies, etc.</subfield></datafield><datafield ind1="0" ind2="1" tag="740"><subfield code="a">Comparative lexicon of Fukien dialects.</subfield></datafield><datafield ind1=" " ind2=" " tag="035"><subfield code="a">(TxDaGIAL)37741100014878</subfield></datafield><controlfield tag="005">20080624155601.0</controlfield><controlfield tag="001">3301</controlfield><controlfield tag="003">TxDaGIAL</controlfield><datafield ind1=" " ind2=" " tag="852"><subfield code="p">37741100014878</subfield><subfield code="a">Library</subfield><subfield code="x">COPYID:3919</subfield><subfield code="x">FSC@aRegular@c19970203</subfield><subfield code="h">495.17 N163c 1979</subfield><subfield code="z">13714</subfield></datafield></record>