
<record><leader>00887nam a2200229 i 4500</leader><controlfield tag="008">951220s1992    miu           000 0 eng d</controlfield><datafield ind1=" " ind2=" " tag="040"><subfield code="a">TxDaGIAL</subfield><subfield code="c">TxDaGIAL</subfield></datafield><datafield ind1="1" ind2=" " tag="100"><subfield code="a">Abbott, Gary Steven.</subfield></datafield><datafield ind1="1" ind2="4" tag="245"><subfield code="a">The function of sentence topics in oral and written Mandarin narrative /</subfield><subfield code="c">by Gary Steven Abbott.</subfield></datafield><datafield ind1=" " ind2=" " tag="260"><subfield code="c">c1992.</subfield></datafield><datafield ind1=" " ind2=" " tag="300"><subfield code="a">ix, 168 p. ;</subfield><subfield code="c">22 cm.</subfield></datafield><datafield ind1=" " ind2=" " tag="502"><subfield code="a">Thesis (M.A.)--Michigan State University, 1992.</subfield></datafield><datafield ind1=" " ind2=" " tag="504"><subfield code="a">Includes bibliographical references (p. 166-168).</subfield></datafield><datafield ind1=" " ind2=" " tag="533"><subfield code="a">Facsim.</subfield><subfield code="b">Ann Arbor, Mich. :</subfield><subfield code="c">University Microfilms International,</subfield><subfield code="d">1993.</subfield></datafield><datafield ind1=" " ind2="0" tag="650"><subfield code="a">Chinese language.</subfield></datafield><datafield ind1="2" ind2="0" tag="610"><subfield code="a">Michigan State University.</subfield><subfield code="b">Department of Linguistics.</subfield></datafield><datafield ind1=" " ind2="0" tag="650"><subfield code="a">Mandarin dialects.</subfield></datafield><datafield ind1=" " ind2=" " tag="035"><subfield code="a">(TxDaGIAL)37741100010321</subfield></datafield><controlfield tag="005">20080624155602.0</controlfield><controlfield tag="001">3304</controlfield><controlfield tag="003">TxDaGIAL</controlfield><datafield ind1=" " ind2=" " tag="852"><subfield code="p">37741100010321</subfield><subfield code="a">Library</subfield><subfield code="x">COPYID:3922</subfield><subfield code="x">FSC@aRegular@c19951026</subfield><subfield code="h">495.11 A131f 1992</subfield></datafield></record>