
<record><leader>00993cam a2200229 a 4500</leader><controlfield tag="008">970303s1983    txu           000 0 eng d</controlfield><datafield ind1=" " ind2=" " tag="040"><subfield code="a">TxDaGIAL</subfield><subfield code="c">TxDaGIAL</subfield><subfield code="d">TxDaGIAL</subfield></datafield><datafield ind1=" " ind2=" " tag="094"><subfield code="a">lor00</subfield><subfield code="2">ROPAL</subfield></datafield><datafield ind1="1" ind2=" " tag="100"><subfield code="a">Leenhouts, Ingeborg C.</subfield></datafield><datafield ind1="1" ind2="0" tag="245"><subfield code="a">Function of the verb in Tenhe narrative discourse /</subfield><subfield code="c">by Ingeborg C. Leenhouts.</subfield></datafield><datafield ind1=" " ind2=" " tag="260"><subfield code="c">1983.</subfield></datafield><datafield ind1=" " ind2=" " tag="300"><subfield code="a">xi, 134 leaves ;</subfield><subfield code="c">28 cm.</subfield></datafield><datafield ind1=" " ind2=" " tag="502"><subfield code="a">Thesis (M.A.)--University of Texas at Arlington, 1983.</subfield></datafield><datafield ind1=" " ind2=" " tag="504"><subfield code="a">Bibliography : leaves 131-134.</subfield></datafield><datafield ind1=" " ind2="0" tag="650"><subfield code="a">Kulango language</subfield><subfield code="x">Discourse analysis.</subfield></datafield><datafield ind1="2" ind2="0" tag="610"><subfield code="a">University of Texas at Arlington.</subfield><subfield code="b">Graduate School</subfield><subfield code="x">Thesis.</subfield></datafield><datafield ind1=" " ind2=" " tag="035"><subfield code="a">(TxDaGIAL)37741100015664</subfield></datafield><controlfield tag="005">20080624155602.0</controlfield><controlfield tag="001">3305</controlfield><controlfield tag="003">TxDaGIAL</controlfield><datafield ind1=" " ind2=" " tag="852"><subfield code="p">37741100015664</subfield><subfield code="a">Library</subfield><subfield code="9">$0.00</subfield><subfield code="x">COPYID:3923</subfield><subfield code="x">FSC@aRegular@c19970305</subfield><subfield code="h">496.35 L486f 1983</subfield><subfield code="z">author gift 9808</subfield></datafield><datafield ind1=" " ind2=" " tag="852"><subfield code="p">37741100023902</subfield><subfield code="a">Library</subfield><subfield code="b">Robert Longacre Coll</subfield><subfield code="9">$0.00</subfield><subfield code="x">FUND:Gift</subfield><subfield code="x">COPYID:3924</subfield><subfield code="x">FSC@aRegular@c20000509</subfield><subfield code="h">496.35 L486f 1983</subfield><subfield code="z">Gift Robert E. Longacre 3-98</subfield></datafield></record>