
<record><leader>01256nam a2200301 a 4500</leader><controlfield tag="008">931116s1993    txu      b    001 0 eng d</controlfield><datafield ind1=" " ind2=" " tag="010"><subfield code="a">   93060250</subfield></datafield><datafield ind1=" " ind2=" " tag="020"><subfield code="a">0883126052 (pbk.)</subfield></datafield><datafield ind1=" " ind2=" " tag="035"><subfield code="a">(OCoLC)28577491</subfield></datafield><datafield ind1=" " ind2=" " tag="040"><subfield code="a">ICF</subfield><subfield code="c">ICF</subfield><subfield code="d">DLC</subfield></datafield><datafield ind1="0" ind2=" " tag="041"><subfield code="a">engoto</subfield></datafield><datafield ind1=" " ind2=" " tag="042"><subfield code="a">lccopycat</subfield></datafield><datafield ind1="0" ind2="0" tag="050"><subfield code="a">PM4147</subfield><subfield code="b">.A53 1993</subfield></datafield><datafield ind1="0" ind2="0" tag="082"><subfield code="a">497/.6</subfield><subfield code="2">20</subfield></datafield><datafield ind1="1" ind2=" " tag="100"><subfield code="a">Andrews, Henrietta.</subfield></datafield><datafield ind1="1" ind2="4" tag="245"><subfield code="a">The function of verb prefixes in Southwestern Otom&#237; /</subfield><subfield code="c">Henrietta Andrews.</subfield></datafield><datafield ind1=" " ind2=" " tag="260"><subfield code="a">[Dallas, Tex.] :</subfield><subfield code="b">Summer Institute of Linguistics ;</subfield><subfield code="a">[Arlington, Tex.] :</subfield><subfield code="b">University of Texas at Arlington,</subfield><subfield code="c">1993.</subfield></datafield><datafield ind1=" " ind2=" " tag="300"><subfield code="a">x, 105 p. ;</subfield><subfield code="c">23 cm.</subfield></datafield><datafield ind1=" " ind2="0" tag="440"><subfield code="a">Summer Institute of Linguistics and the University of Texas at Arlington publications in linguistics,</subfield><subfield code="x">1040-0850 ;</subfield><subfield code="v">115</subfield></datafield><datafield ind1=" " ind2=" " tag="504"><subfield code="a">Includes bibliographical references (p. viii-ix) and index.</subfield></datafield><datafield ind1=" " ind2="0" tag="650"><subfield code="a">Otomi language</subfield><subfield code="x">Verb.</subfield></datafield><datafield ind1=" " ind2="0" tag="650"><subfield code="a">Otomi language</subfield><subfield code="x">Suffixes and prefixes.</subfield></datafield><datafield ind1=" " ind2=" " tag="035"><subfield code="a">(TxDaGIAL)37741100007142</subfield></datafield><controlfield tag="005">20080624155602.0</controlfield><controlfield tag="001">3306</controlfield><controlfield tag="003">TxDaGIAL</controlfield><datafield ind1=" " ind2=" " tag="852"><subfield code="p">37741100007142</subfield><subfield code="a">Library</subfield><subfield code="x">COPYID:3925</subfield><subfield code="x">FSC@aRegular@c19950823</subfield><subfield code="h">497.634 A566f 1993</subfield><subfield code="z">Standing order 7-93</subfield></datafield><datafield ind1=" " ind2=" " tag="852"><subfield code="p">37741100007143</subfield><subfield code="a">Library</subfield><subfield code="x">COPYID:3926</subfield><subfield code="x">FSC@aRegular@c19950823</subfield><subfield code="h">497.634 A566f 1993</subfield><subfield code="z">Standing order 7-93</subfield></datafield></record>