
<record><leader>01159pam a2200289 a 4500</leader><controlfield tag="008">910131s1991    ne       b    00110 eng  </controlfield><datafield ind1=" " ind2=" " tag="010"><subfield code="a">   91007761</subfield></datafield><datafield ind1=" " ind2=" " tag="020"><subfield code="a">1556192606 (alk. paper) :</subfield><subfield code="c">$58.00</subfield></datafield><datafield ind1=" " ind2=" " tag="040"><subfield code="a">DLC</subfield><subfield code="c">DLC</subfield><subfield code="d">DLC</subfield></datafield><datafield ind1="1" ind2=" " tag="041"><subfield code="a">eng</subfield><subfield code="h">rus</subfield></datafield><datafield ind1="0" ind2="0" tag="050"><subfield code="a">P147</subfield><subfield code="b">.B65713 1991</subfield></datafield><datafield ind1="0" ind2="0" tag="082"><subfield code="a">491.75</subfield><subfield code="2">20</subfield></datafield><datafield ind1="1" ind2="0" tag="100"><subfield code="a">Bondarko, A. V.</subfield><subfield code="q">(Aleksandr Vladimirovich)</subfield></datafield><datafield ind1="1" ind2="0" tag="240"><subfield code="a">Funk&#65056;t&#65057;sional&#697;na&#65056;i&#65057;a grammatika.</subfield><subfield code="l">English.</subfield></datafield><datafield ind1="1" ind2="0" tag="245"><subfield code="a">Functional grammar :</subfield><subfield code="b">a field approach /</subfield><subfield code="c">by Alexander V. Bondarko ; translated by I.S. Chulaki.</subfield></datafield><datafield ind1="0" ind2=" " tag="260"><subfield code="a">Amsterdam ;</subfield><subfield code="a">Philadelphia :</subfield><subfield code="b">J. Benjamins Pub. Co.,</subfield><subfield code="c">1991.</subfield></datafield><datafield ind1=" " ind2=" " tag="300"><subfield code="a">207 p. ;</subfield><subfield code="c">23 cm.</subfield></datafield><datafield ind1=" " ind2="0" tag="440"><subfield code="a">Linguistic &amp; literary studies in Eastern Europe ;</subfield><subfield code="v">v. 35</subfield></datafield><datafield ind1=" " ind2=" " tag="500"><subfield code="a">Translation of: Funk&#65056;t&#65057;sional&#697;ns&#65056;i&#65057;a grammatika.</subfield></datafield><datafield ind1=" " ind2=" " tag="504"><subfield code="a">Includes bibliographical references (p.[175]-199) and indexes.</subfield></datafield><datafield ind1=" " ind2="0" tag="650"><subfield code="a">Functionalism (Linguistics)</subfield></datafield><datafield ind1=" " ind2="0" tag="650"><subfield code="a">Russian language</subfield><subfield code="x">Grammar.</subfield></datafield><datafield ind1=" " ind2=" " tag="035"><subfield code="a">(TxDaGIAL)37741100007048</subfield></datafield><controlfield tag="005">20080624155603.0</controlfield><controlfield tag="001">3311</controlfield><controlfield tag="003">TxDaGIAL</controlfield><datafield ind1=" " ind2=" " tag="852"><subfield code="p">37741100007048</subfield><subfield code="a">Library</subfield><subfield code="9">$58.00</subfield><subfield code="x">COPYID:3931</subfield><subfield code="x">FSC@aRegular@c19950822</subfield><subfield code="h">491.75 B711f.E 1991</subfield><subfield code="z">B/T 2-94</subfield></datafield></record>