
<record><leader>00869nam a2200229 a 4500</leader><controlfield tag="008">970416s1981    txuab         000 0 eng d</controlfield><datafield ind1=" " ind2=" " tag="040"><subfield code="a">TxDaGIAL</subfield><subfield code="c">TxDaGIAL</subfield></datafield><datafield ind1=" " ind2=" " tag="094"><subfield code="a">eri00</subfield><subfield code="2">ROPAL</subfield></datafield><datafield ind1="1" ind2=" " tag="100"><subfield code="a">Colburn, Michael Alvin.</subfield></datafield><datafield ind1="1" ind2="4" tag="245"><subfield code="a">The functions and meanings of the Erima deictic articles /</subfield><subfield code="c">by Michael Alvin Colburn.</subfield></datafield><datafield ind1=" " ind2=" " tag="260"><subfield code="c">1981.</subfield></datafield><datafield ind1=" " ind2=" " tag="300"><subfield code="a">xi, 122 leaves :</subfield><subfield code="b">ill., maps ;</subfield><subfield code="c">29 cm.</subfield></datafield><datafield ind1=" " ind2=" " tag="502"><subfield code="a">Thesis (M.A.)--University of Texas at Arlington, 1981.</subfield></datafield><datafield ind1=" " ind2=" " tag="504"><subfield code="a">Bibliography : leaves 117-119.</subfield></datafield><datafield ind1=" " ind2="0" tag="651"><subfield code="a">Papua New Guinea</subfield><subfield code="z">Madang Province</subfield><subfield code="x">Languages.</subfield></datafield><datafield ind1=" " ind2="0" tag="650"><subfield code="a">Erima language.</subfield></datafield><datafield ind1="2" ind2="0" tag="610"><subfield code="a">University of Texas at Arlington.</subfield><subfield code="b">Graduate School</subfield><subfield code="x">Dissertations.</subfield></datafield><datafield ind1=" " ind2=" " tag="035"><subfield code="a">(TxDaGIAL)37741100016782</subfield></datafield><controlfield tag="005">20080624155604.0</controlfield><controlfield tag="001">3316</controlfield><controlfield tag="003">TxDaGIAL</controlfield><datafield ind1=" " ind2=" " tag="852"><subfield code="p">37741100016782</subfield><subfield code="a">Library</subfield><subfield code="x">COPYID:3939</subfield><subfield code="x">FSC@aRegular@c19970416</subfield><subfield code="h">499.1273 C685f 1981</subfield><subfield code="z">7755</subfield></datafield></record>