
<record><leader>00871nam a2200265 i 4500</leader><controlfield tag="008">880315s1961    ii       b    00100 eng  </controlfield><datafield ind1=" " ind2=" " tag="010"><subfield code="a">sa 64002687</subfield></datafield><datafield ind1=" " ind2=" " tag="035"><subfield code="a">(CU-UC)dlaisn4745956</subfield></datafield><datafield ind1=" " ind2=" " tag="040"><subfield code="c">NN</subfield><subfield code="d">NN</subfield><subfield code="d">CU-SB</subfield></datafield><datafield ind1="0" ind2=" " tag="050"><subfield code="a">PL4001.G2</subfield><subfield code="b">B8 1961a</subfield></datafield><datafield ind1="1" ind2="0" tag="100"><subfield code="a">Burling, Robbins.</subfield></datafield><datafield ind1="1" ind2="2" tag="245"><subfield code="a">A Garo grammar.</subfield></datafield><datafield ind1=" " ind2=" " tag="250"><subfield code="a">[1st ed.].</subfield></datafield><datafield ind1="0" ind2=" " tag="260"><subfield code="a">Poona :</subfield><subfield code="b">Linguistic Society of India,</subfield><subfield code="c">1961.</subfield></datafield><datafield ind1=" " ind2=" " tag="300"><subfield code="a">x, 95 p. :</subfield><subfield code="b">diagrs. ;</subfield><subfield code="c">25 cm.</subfield></datafield><datafield ind1="1" ind2=" " tag="490"><subfield code="a">Indian linguistics. Monograph series ;</subfield><subfield code="v">2</subfield></datafield><datafield ind1=" " ind2=" " tag="504"><subfield code="a">Bibliography: p. [82]-84.</subfield></datafield><datafield ind1=" " ind2=" " tag="546"><subfield code="a">English.</subfield></datafield><datafield ind1=" " ind2="0" tag="650"><subfield code="a">Garo language</subfield><subfield code="x">Grammar.</subfield></datafield><datafield ind1=" " ind2="0" tag="830"><subfield code="a">Indian linguistics.</subfield><subfield code="p">Monograph series ;</subfield><subfield code="v">2.</subfield></datafield><datafield ind1=" " ind2=" " tag="035"><subfield code="a">(TxDaGIAL)37741100014843</subfield></datafield><controlfield tag="005">20080624155611.0</controlfield><controlfield tag="001">3350</controlfield><controlfield tag="003">TxDaGIAL</controlfield><datafield ind1=" " ind2=" " tag="852"><subfield code="p">37741100014843</subfield><subfield code="a">Library</subfield><subfield code="9">$18.75</subfield><subfield code="x">FUND:Ling</subfield><subfield code="x">COPYID:3980</subfield><subfield code="x">FSC@aRegular@c19970129</subfield><subfield code="h">495.4 B961g 1961</subfield><subfield code="z">Cellar 12-96</subfield></datafield></record>