
<record><leader>00731nam a2200229 i 4500</leader><controlfield tag="008">850414s1962    cau      b    00010 eng d</controlfield><datafield ind1=" " ind2=" " tag="035"><subfield code="a">(CU-UC)2131095</subfield></datafield><datafield ind1=" " ind2=" " tag="040"><subfield code="a">CU</subfield><subfield code="c">CU</subfield></datafield><datafield ind1=" " ind2=" " tag="094"><subfield code="a">gya</subfield><subfield code="2">ROPAL</subfield></datafield><datafield ind1="1" ind2="0" tag="100"><subfield code="a">Samarin, William J.</subfield></datafield><datafield ind1="1" ind2="4" tag="245"><subfield code="a">The Gbeya language /</subfield><subfield code="c">by William John Samarin.</subfield></datafield><datafield ind1="0" ind2=" " tag="260"><subfield code="c">1962.</subfield></datafield><datafield ind1=" " ind2=" " tag="300"><subfield code="a">iii, 326 leaves ;</subfield><subfield code="c">28 cm.</subfield></datafield><datafield ind1=" " ind2=" " tag="502"><subfield code="a">Thesis (Ph. D. in Linguistics)--University of California, Berkeley, June 1962.</subfield></datafield><datafield ind1=" " ind2=" " tag="504"><subfield code="a">Bibliography: leaves 13-18.</subfield></datafield><datafield ind1=" " ind2=" " tag="546"><subfield code="a">English.</subfield></datafield><datafield ind1=" " ind2="0" tag="650"><subfield code="a">Gbaya language.</subfield></datafield><datafield ind1=" " ind2=" " tag="035"><subfield code="a">(TxDaGIAL)37741100015713</subfield></datafield><controlfield tag="005">20080624155611.0</controlfield><controlfield tag="001">3353</controlfield><controlfield tag="003">TxDaGIAL</controlfield><datafield ind1=" " ind2=" " tag="852"><subfield code="p">37741100015713</subfield><subfield code="a">Library</subfield><subfield code="x">COPYID:3984</subfield><subfield code="x">FSC@aRegular@c19970311</subfield><subfield code="h">496.361 S187gb 1962</subfield><subfield code="z">2323</subfield></datafield></record>