
<record><leader>00974cam a2200265 i 4500</leader><controlfield tag="008">731207s1966    cauab    b    000 0 eng  </controlfield><datafield ind1=" " ind2=" " tag="010"><subfield code="a">   67063049 //r85</subfield></datafield><datafield ind1=" " ind2=" " tag="040"><subfield code="a">DLC</subfield><subfield code="c">DLC</subfield><subfield code="d">DLC</subfield></datafield><datafield ind1="0" ind2="0" tag="050"><subfield code="a">P25</subfield><subfield code="b">.C25 vol. 44</subfield></datafield><datafield ind1=" " ind2=" " tag="051"><subfield code="a">PL8205</subfield><subfield code="b">.S25</subfield><subfield code="c">Copy 2.</subfield></datafield><datafield ind1="0" ind2="0" tag="082"><subfield code="a">496.3</subfield></datafield><datafield ind1=" " ind2=" " tag="094"><subfield code="a">gya00</subfield><subfield code="2">ROPAL</subfield></datafield><datafield ind1="1" ind2="0" tag="100"><subfield code="a">Samarin, William J.</subfield></datafield><datafield ind1="1" ind2="4" tag="245"><subfield code="a">The Gbeya language :</subfield><subfield code="b">grammar, texts, and vocabularies /</subfield><subfield code="c">by William J. Samarin.</subfield></datafield><datafield ind1="0" ind2=" " tag="260"><subfield code="a">Berkeley :</subfield><subfield code="b">University of California Press,</subfield><subfield code="c">1966.</subfield></datafield><datafield ind1=" " ind2=" " tag="300"><subfield code="a">viii, 246 p. :</subfield><subfield code="b">illus., maps. ;</subfield><subfield code="c">26 cm.</subfield></datafield><datafield ind1="1" ind2=" " tag="490"><subfield code="a">University of California publications in linguistics, v. 44</subfield></datafield><datafield ind1=" " ind2=" " tag="504"><subfield code="a">Includes bibliographical references.</subfield></datafield><datafield ind1=" " ind2="0" tag="650"><subfield code="a">Gbaya language.</subfield></datafield><datafield ind1=" " ind2="0" tag="830"><subfield code="a">University of California publications in linguistics ;</subfield><subfield code="v">v. 44.</subfield></datafield><datafield ind1=" " ind2=" " tag="035"><subfield code="a">(TxDaGIAL)37741100015714</subfield></datafield><controlfield tag="005">20080624155611.0</controlfield><controlfield tag="001">3354</controlfield><controlfield tag="003">TxDaGIAL</controlfield><datafield ind1=" " ind2=" " tag="852"><subfield code="p">37741100015714</subfield><subfield code="a">Library</subfield><subfield code="x">COPYID:3985</subfield><subfield code="x">FSC@aRegular@c19970311</subfield><subfield code="h">496.361 S187gb 1966</subfield><subfield code="z">5020</subfield></datafield></record>