
<record><leader>01080nam a2200265 a 4500</leader><controlfield tag="008">811201s1981    txu      b    00010 eng  </controlfield><datafield ind1=" " ind2=" " tag="010"><subfield code="a">   78066036</subfield></datafield><datafield ind1=" " ind2=" " tag="020"><subfield code="a">0883120836 (pbk.)</subfield></datafield><datafield ind1=" " ind2=" " tag="040"><subfield code="a">DLC</subfield><subfield code="c">DLC</subfield><subfield code="d">TxDaGIAL</subfield></datafield><datafield ind1="0" ind2=" " tag="050"><subfield code="a">PJ2465</subfield><subfield code="b">.B5</subfield></datafield><datafield ind1="0" ind2=" " tag="082"><subfield code="a">493/.5</subfield><subfield code="2">19</subfield></datafield><datafield ind1="1" ind2="0" tag="100"><subfield code="a">Bliese, Loren F.</subfield></datafield><datafield ind1="1" ind2="2" tag="245"><subfield code="a">A generative grammar of Afar /</subfield><subfield code="c">Loren F. Bliese.</subfield></datafield><datafield ind1="0" ind2=" " tag="260"><subfield code="a">Dallas, TX :</subfield><subfield code="b">Summer Institute of Linguistics ;</subfield><subfield code="a">[Arlington, Tex.] :</subfield><subfield code="b">University of Texas at Arlington,</subfield><subfield code="c">1981.</subfield></datafield><datafield ind1=" " ind2=" " tag="300"><subfield code="a">xv, 306 p. ;</subfield><subfield code="c">23 cm.</subfield></datafield><datafield ind1=" " ind2="0" tag="440"><subfield code="a">Summer Institute of Linguistics publications in linguistics ;</subfield><subfield code="v">65</subfield></datafield><datafield ind1=" " ind2=" " tag="504"><subfield code="a">Bibliography: p. 299-306.</subfield></datafield><datafield ind1=" " ind2="0" tag="650"><subfield code="a">Afar language</subfield><subfield code="x">Grammar, Generative.</subfield></datafield><datafield ind1=" " ind2=" " tag="035"><subfield code="a">(TxDaGIAL)37741100007541</subfield></datafield><controlfield tag="005">20080624155618.0</controlfield><controlfield tag="001">3377</controlfield><controlfield tag="003">TxDaGIAL</controlfield><datafield ind1=" " ind2=" " tag="852"><subfield code="p">37741100007541</subfield><subfield code="a">Library</subfield><subfield code="x">COPYID:4013</subfield><subfield code="x">FSC@aRegular@c19950906</subfield><subfield code="h">493.5 B648g 1981</subfield><subfield code="z">6759</subfield></datafield><datafield ind1=" " ind2=" " tag="852"><subfield code="p">37741100007542</subfield><subfield code="a">Library</subfield><subfield code="x">COPYID:4014</subfield><subfield code="x">FSC@aRegular@c19950906</subfield><subfield code="h">493.5 B648g 1981</subfield><subfield code="z">6760</subfield></datafield><datafield ind1=" " ind2=" " tag="852"><subfield code="p">37741100007543</subfield><subfield code="a">Library</subfield><subfield code="x">COPYID:4015</subfield><subfield code="x">FSC@aRegular@c19950906</subfield><subfield code="h">493.5 B648g 1981</subfield><subfield code="z">6794</subfield></datafield></record>