
<record><leader>00709nam a2200217Ia 4500</leader><controlfield tag="008">840727s1965    xx            00010 eng d</controlfield><datafield ind1=" " ind2=" " tag="035"><subfield code="a">(CU-UC)dlaisn5496928</subfield></datafield><datafield ind1=" " ind2=" " tag="040"><subfield code="a">IUP</subfield><subfield code="c">IUP</subfield></datafield><datafield ind1="1" ind2="0" tag="100"><subfield code="a">Sableski, Julia Ann.</subfield></datafield><datafield ind1="1" ind2="2" tag="245"><subfield code="a">A generative phonology of a Spanish dialect /</subfield><subfield code="c">by Julia Ann Sableski.</subfield></datafield><datafield ind1="0" ind2=" " tag="260"><subfield code="c">1965.</subfield></datafield><datafield ind1=" " ind2=" " tag="300"><subfield code="a">61 leaves ;</subfield><subfield code="c">28 cm.</subfield></datafield><datafield ind1=" " ind2=" " tag="502"><subfield code="a">Thesis (M.A.)--University of Washington, 1964.</subfield></datafield><datafield ind1=" " ind2=" " tag="546"><subfield code="a">English.</subfield></datafield><datafield ind1=" " ind2="0" tag="650"><subfield code="a">Spanish language</subfield><subfield code="x">Phonology.</subfield></datafield><datafield ind1=" " ind2="0" tag="650"><subfield code="a">Spanish language</subfield><subfield code="x">Dialects.</subfield></datafield><datafield ind1=" " ind2=" " tag="035"><subfield code="a">(TxDaGIAL)37741100014326</subfield></datafield><controlfield tag="005">20080624155618.0</controlfield><controlfield tag="001">3380</controlfield><controlfield tag="003">TxDaGIAL</controlfield><datafield ind1=" " ind2=" " tag="852"><subfield code="p">37741100014326</subfield><subfield code="a">Library</subfield><subfield code="x">COPYID:4018</subfield><subfield code="x">FSC@aRegular@c19970102</subfield><subfield code="h">467.97 S117g 1965</subfield><subfield code="z">1989</subfield></datafield></record>