
<record><leader>00667nam a2200193 i 4500</leader><controlfield tag="008">781116s19631963miu      b    000 0 eng d</controlfield><datafield ind1=" " ind2=" " tag="040"><subfield code="a">JNA</subfield><subfield code="c">JNA</subfield><subfield code="d">AZU</subfield><subfield code="d">TxDaGIAL</subfield></datafield><datafield ind1="1" ind2=" " tag="100"><subfield code="a">Komai, Akira.</subfield></datafield><datafield ind1="1" ind2="2" tag="245"><subfield code="a">A generative phonology of standard colloquial Japanese /</subfield><subfield code="c">by Akira Alan Komai.</subfield></datafield><datafield ind1=" " ind2=" " tag="260"><subfield code="c">[1963]</subfield></datafield><datafield ind1=" " ind2=" " tag="300"><subfield code="a">iv., 151 leaves. ;</subfield><subfield code="c">29 cm.</subfield></datafield><datafield ind1=" " ind2=" " tag="502"><subfield code="a">Thesis (Ph.D)--University of Michigan, 1963.</subfield></datafield><datafield ind1=" " ind2=" " tag="504"><subfield code="a">Includes bibliography.</subfield></datafield><datafield ind1=" " ind2="0" tag="650"><subfield code="a">Japanese language</subfield><subfield code="x">Phonology.</subfield></datafield><datafield ind1=" " ind2=" " tag="035"><subfield code="a">(TxDaGIAL)37741100015363</subfield></datafield><controlfield tag="005">20080624155618.0</controlfield><controlfield tag="001">3381</controlfield><controlfield tag="003">TxDaGIAL</controlfield><datafield ind1=" " ind2=" " tag="852"><subfield code="p">37741100015363</subfield><subfield code="a">Library</subfield><subfield code="x">COPYID:4019</subfield><subfield code="x">FSC@aRegular@c19970224</subfield><subfield code="h">495.615 K81g 1963</subfield><subfield code="z">12606</subfield></datafield></record>