
<record><leader>00772nam a2200205 a 4500</leader><controlfield tag="008">970224s1991    txu           000 0 eng d</controlfield><datafield ind1=" " ind2=" " tag="040"><subfield code="a">TxDaGIAL</subfield><subfield code="c">TxDaGIAL</subfield></datafield><datafield ind1="1" ind2=" " tag="100"><subfield code="a">Cooper, Arthur Dale.</subfield></datafield><datafield ind1="1" ind2="4" tag="245"><subfield code="a">The geometry of Japanese geminate consonants /</subfield><subfield code="c">by Arthur Dale Cooper.</subfield></datafield><datafield ind1=" " ind2=" " tag="260"><subfield code="c">1991.</subfield></datafield><datafield ind1=" " ind2=" " tag="300"><subfield code="a">vii, 87 leaves ;</subfield><subfield code="c">28 cm.</subfield></datafield><datafield ind1=" " ind2=" " tag="502"><subfield code="a">Thesis (M.A.)--The University of Texas at Arlington, 1991.</subfield></datafield><datafield ind1=" " ind2=" " tag="504"><subfield code="a">Bibliography: leaves 85-87.</subfield></datafield><datafield ind1=" " ind2="0" tag="650"><subfield code="a">Japanese language</subfield><subfield code="x">Phonology.</subfield></datafield><datafield ind1="2" ind2="0" tag="610"><subfield code="a">University of Texas at Arlington.</subfield><subfield code="b">Graduate School</subfield><subfield code="x">Thesis.</subfield></datafield><datafield ind1=" " ind2=" " tag="035"><subfield code="a">(TxDaGIAL)37741100015388</subfield></datafield><controlfield tag="005">20080624155622.0</controlfield><controlfield tag="001">3397</controlfield><controlfield tag="003">TxDaGIAL</controlfield><datafield ind1=" " ind2=" " tag="852"><subfield code="p">37741100015388</subfield><subfield code="a">Library</subfield><subfield code="9">$0.00</subfield><subfield code="x">COPYID:4038</subfield><subfield code="x">FSC@aRegular@c19970224</subfield><subfield code="h">495.615 C776g 1991</subfield><subfield code="z">Author gift 1-92</subfield></datafield></record>