
<record><leader>00816cam a2200253 a 4500</leader><controlfield tag="008">950404s1996    nyu           001 0 eng  </controlfield><datafield ind1=" " ind2=" " tag="010"><subfield code="a">   95008580</subfield></datafield><datafield ind1=" " ind2=" " tag="020"><subfield code="z">0415162758</subfield></datafield><datafield ind1=" " ind2=" " tag="020"><subfield code="a">0415102731 (pbk.)</subfield></datafield><datafield ind1=" " ind2=" " tag="040"><subfield code="a">DLC</subfield><subfield code="c">DLC</subfield><subfield code="d">DLC</subfield></datafield><datafield ind1="0" ind2="0" tag="050"><subfield code="a">PK9107</subfield><subfield code="b">.H48 1996</subfield></datafield><datafield ind1="0" ind2="0" tag="082"><subfield code="a">499/.96</subfield><subfield code="2">20</subfield></datafield><datafield ind1="1" ind2=" " tag="100"><subfield code="a">Hewitt, B. G.</subfield></datafield><datafield ind1="1" ind2="0" tag="245"><subfield code="a">Georgian :</subfield><subfield code="b">a learner's grammar /</subfield><subfield code="c">George Hewitt.</subfield></datafield><datafield ind1=" " ind2=" " tag="260"><subfield code="a">New York :</subfield><subfield code="b">Routledge,</subfield><subfield code="c">1996.</subfield></datafield><datafield ind1=" " ind2=" " tag="300"><subfield code="a">xi, 483 p. ;</subfield><subfield code="c">24 cm.</subfield></datafield><datafield ind1=" " ind2=" " tag="500"><subfield code="a">Includes index.</subfield></datafield><datafield ind1=" " ind2="0" tag="650"><subfield code="a">Georgian language</subfield><subfield code="x">Grammar.</subfield></datafield><datafield ind1=" " ind2="0" tag="650"><subfield code="a">Georgian language</subfield><subfield code="x">Textbooks for English speakers.</subfield></datafield><datafield ind1=" " ind2=" " tag="035"><subfield code="a">(TxDaGIAL)37741100014810</subfield></datafield><controlfield tag="005">20080624155622.0</controlfield><controlfield tag="001">3400</controlfield><controlfield tag="003">TxDaGIAL</controlfield><datafield ind1=" " ind2=" " tag="852"><subfield code="p">37741100014810</subfield><subfield code="a">Library</subfield><subfield code="9">$30.45</subfield><subfield code="x">FUND:Ling</subfield><subfield code="x">COPYID:4041</subfield><subfield code="x">FSC@aRegular@c19970129</subfield><subfield code="h">499.969 H611g 1996</subfield><subfield code="z">B/T 1-97</subfield></datafield></record>