
<record><leader>00839nam a22002537a 4500</leader><controlfield tag="008">911214s1982||||ii |||| ||||||0|||||eng| </controlfield><datafield ind1=" " ind2=" " tag="010"><subfield code="a">   82906542</subfield></datafield><datafield ind1=" " ind2=" " tag="040"><subfield code="a">DLC</subfield><subfield code="c">DLC</subfield><subfield code="d">TxDaGIAL</subfield></datafield><datafield ind1="0" ind2="0" tag="050"><subfield code="a">MLCM 91/7887 (P)</subfield></datafield><datafield ind1="0" ind2="4" tag="082"><subfield code="a">491.479</subfield><subfield code="2">20</subfield></datafield><datafield ind1="1" ind2="0" tag="100"><subfield code="a">Sharma, Jagdish Chander,</subfield><subfield code="d">1944-</subfield></datafield><datafield ind1="1" ind2="0" tag="245"><subfield code="a">Gojri grammar /</subfield><subfield code="c">Jagdish Chander Sharma.</subfield></datafield><datafield ind1="0" ind2=" " tag="260"><subfield code="a">Mysore :</subfield><subfield code="b">Central Institute of Indian Languages,</subfield><subfield code="c">1982.</subfield></datafield><datafield ind1=" " ind2=" " tag="300"><subfield code="a">xv, 284 p. ;</subfield><subfield code="c">23 cm.</subfield></datafield><datafield ind1="1" ind2=" " tag="490"><subfield code="a">CIIL grammar series ;</subfield><subfield code="v">9</subfield></datafield><datafield ind1=" " ind2=" " tag="590"><subfield code="a">Inscribed to Ken Pike by the Author.</subfield></datafield><datafield ind1=" " ind2="0" tag="650"><subfield code="a">Gujuri language</subfield><subfield code="x">Grammar.</subfield></datafield><datafield ind1=" " ind2="0" tag="650"><subfield code="a">Rajasthani language.</subfield></datafield><datafield ind1=" " ind2="0" tag="830"><subfield code="a">Grammar series ;</subfield><subfield code="v">9.</subfield></datafield><datafield ind1=" " ind2=" " tag="035"><subfield code="a">(TxDaGIAL)37741100007033</subfield></datafield><controlfield tag="005">20080624155636.0</controlfield><controlfield tag="001">3469</controlfield><controlfield tag="003">TxDaGIAL</controlfield><datafield ind1=" " ind2=" " tag="852"><subfield code="p">37741100007033</subfield><subfield code="a">Library</subfield><subfield code="x">COPYID:4118</subfield><subfield code="x">FSC@aRegular@c19950822</subfield><subfield code="h">491.479 S531g 1982</subfield><subfield code="z">13751</subfield></datafield></record>