
<record><leader>00810nam a2200241Ii 4500</leader><controlfield tag="008">800212s1958    rur      b    00010 rusm </controlfield><datafield ind1=" " ind2=" " tag="010"><subfield code="a">   59041094</subfield></datafield><datafield ind1=" " ind2=" " tag="035"><subfield code="a">(CU-UC)</subfield></datafield><datafield ind1=" " ind2=" " tag="040"><subfield code="a">DLC</subfield><subfield code="c">CLE</subfield><subfield code="d">OCoLC</subfield><subfield code="d">CLU</subfield></datafield><datafield ind1="0" ind2=" " tag="050"><subfield code="a">PD1119</subfield><subfield code="b">.G87</subfield></datafield><datafield ind1="1" ind2="0" tag="100"><subfield code="a">Gukhman, Mirra Moiseevna.</subfield></datafield><datafield ind1="1" ind2="0" tag="245"><subfield code="a">Gotski&#301; &#65056;i&#65057;azyk. :</subfield><subfield code="b">Ucheb. posobie dl&#65056;i&#65057;a filologicheskikh fakul'tetov universitetov.</subfield></datafield><datafield ind1="0" ind2=" " tag="260"><subfield code="a">Moskva :</subfield><subfield code="b">Izd-vo lit-ry na inostrannykh &#65056;i&#65057;azykakh,</subfield><subfield code="c">1958.</subfield></datafield><datafield ind1=" " ind2=" " tag="300"><subfield code="a">287 p. ;</subfield><subfield code="c">20 cm.</subfield></datafield><datafield ind1=" " ind2="0" tag="440"><subfield code="a">Biblioteka filologa</subfield></datafield><datafield ind1=" " ind2=" " tag="504"><subfield code="a">Bibliography: p. 281-286.</subfield></datafield><datafield ind1=" " ind2=" " tag="546"><subfield code="a">Russian.</subfield></datafield><datafield ind1=" " ind2="0" tag="650"><subfield code="a">Gothic language</subfield><subfield code="x">Grammar.</subfield></datafield><datafield ind1=" " ind2=" " tag="035"><subfield code="a">(TxDaGIAL)37741100018986</subfield></datafield><controlfield tag="005">20080624155652.0</controlfield><controlfield tag="001">3544</controlfield><controlfield tag="003">TxDaGIAL</controlfield><datafield ind1=" " ind2=" " tag="852"><subfield code="p">37741100018986</subfield><subfield code="a">Library</subfield><subfield code="x">COPYID:4217</subfield><subfield code="x">FSC@aRegular@c19970714</subfield><subfield code="h">439.9 G969g 1958</subfield></datafield></record>