
<record><leader>00902nam a2200229Ii 4500</leader><controlfield tag="008">780909s1964    wiu           00010 eng d</controlfield><datafield ind1=" " ind2=" " tag="035"><subfield code="a">(CU-UC)dlaisn6558109</subfield></datafield><datafield ind1=" " ind2=" " tag="040"><subfield code="a">DGU</subfield><subfield code="c">DGU</subfield><subfield code="d">CLU</subfield><subfield code="d">TxDaGIAL</subfield></datafield><datafield ind1="0" ind2=" " tag="041"><subfield code="a">teleng</subfield></datafield><datafield ind1="1" ind2="0" tag="100"><subfield code="a">Reddy, Golly Narayanaswami,</subfield><subfield code="d">1928-</subfield></datafield><datafield ind1="1" ind2="0" tag="245"><subfield code="a">Graded readings in modern literary Telugu /</subfield><subfield code="c">G. N. Reddy, Dan M. Matson.</subfield></datafield><datafield ind1="0" ind2=" " tag="260"><subfield code="a">[Madison?] : University of Wisconsin,</subfield><subfield code="c">1964.</subfield></datafield><datafield ind1=" " ind2=" " tag="300"><subfield code="a">211 p. ;</subfield><subfield code="c">27 cm. +</subfield><subfield code="e">+ 1 v. glossaries.</subfield></datafield><datafield ind1=" " ind2=" " tag="546"><subfield code="a">Telegu.</subfield></datafield><datafield ind1=" " ind2="0" tag="650"><subfield code="a">Telugu language</subfield><subfield code="v">Readers.</subfield></datafield><datafield ind1="1" ind2="0" tag="700"><subfield code="a">Matson, Dan M.</subfield><subfield code="q">(Dan Mitchell),</subfield><subfield code="d">1937-</subfield></datafield><datafield ind1=" " ind2=" " tag="035"><subfield code="a">(TxDaGIAL)37741100014704</subfield></datafield><controlfield tag="005">20080624155653.0</controlfield><controlfield tag="001">3550</controlfield><controlfield tag="003">TxDaGIAL</controlfield><datafield ind1=" " ind2=" " tag="852"><subfield code="p">37741100014704</subfield><subfield code="a">Library</subfield><subfield code="9">$0.00</subfield><subfield code="x">COPYID:4223</subfield><subfield code="x">FSC@aRegular@c19971128</subfield><subfield code="h">494.827 R313g 1964</subfield><subfield code="z">Gift 10-90</subfield></datafield><datafield ind1=" " ind2=" " tag="852"><subfield code="p">37741100020881</subfield><subfield code="a">Library</subfield><subfield code="9">$0.00</subfield><subfield code="x">COPYID:4224</subfield><subfield code="x">FSC@aRegular@c19971007</subfield><subfield code="h">494.827 R313g 1964 gloss</subfield><subfield code="z">Gift 10-90</subfield></datafield></record>