
<record><leader>00704nam a2200193 a 4500</leader><controlfield tag="008">950810s1976    mx       b    000 0 spa d</controlfield><datafield ind1=" " ind2=" " tag="040"><subfield code="a">TxDaGIAL</subfield><subfield code="c">TxDaSI</subfield></datafield><datafield ind1="0" ind2="4" tag="082"><subfield code="a">497.452</subfield><subfield code="2">21</subfield></datafield><datafield ind1="1" ind2=" " tag="100"><subfield code="a">Lara Mart&#237;nez, Rafael Alejandro.</subfield></datafield><datafield ind1="1" ind2="0" tag="245"><subfield code="a">Gramatica del Nahuatl de Ahuacatlan /</subfield><subfield code="c">Rafael Alejandro Lara Mart&#237;nez.</subfield></datafield><datafield ind1=" " ind2=" " tag="260"><subfield code="a">M&#233;xico, D.F. :</subfield><subfield code="b">Escuela Nacional de Antropologia e Historia,</subfield><subfield code="c">1976.</subfield></datafield><datafield ind1=" " ind2=" " tag="300"><subfield code="a">75 leaves ;</subfield><subfield code="c">24 cm.</subfield></datafield><datafield ind1=" " ind2=" " tag="504"><subfield code="a">Includes bibliographical references (p. 207-213).</subfield></datafield><datafield ind1=" " ind2="0" tag="650"><subfield code="a">Nahuatl language.</subfield></datafield><datafield ind1=" " ind2=" " tag="035"><subfield code="a">(TxDaGIAL)37741100020579</subfield></datafield><controlfield tag="005">20080624155654.0</controlfield><controlfield tag="001">3555</controlfield><controlfield tag="003">TxDaGIAL</controlfield><datafield ind1=" " ind2=" " tag="852"><subfield code="p">37741100020579</subfield><subfield code="a">Library</subfield><subfield code="x">COPYID:4229</subfield><subfield code="x">FSC@aRegular@c19970924</subfield><subfield code="h">497.452 L318g 1976</subfield></datafield></record>