
<record><leader>01417cam a2200373 a 4500</leader><controlfield tag="008">831007s1981    mx a     b    00010 spa  </controlfield><datafield ind1=" " ind2=" " tag="010"><subfield code="a">   83211478 //r94</subfield></datafield><datafield ind1=" " ind2=" " tag="020"><subfield code="a">9683101399</subfield></datafield><datafield ind1=" " ind2=" " tag="040"><subfield code="a">DLC</subfield><subfield code="c">DLC</subfield><subfield code="d">DLC</subfield></datafield><datafield ind1="0" ind2=" " tag="041"><subfield code="a">spanah</subfield></datafield><datafield ind1=" " ind2=" " tag="043"><subfield code="a">n-mx---</subfield></datafield><datafield ind1="0" ind2="0" tag="050"><subfield code="a">PM4063</subfield><subfield code="b">.W6 1981</subfield></datafield><datafield ind1="0" ind2="0" tag="082"><subfield code="a">497/.4</subfield><subfield code="2">19</subfield></datafield><datafield ind1="1" ind2="0" tag="100"><subfield code="a">Wolgemuth, Carl.</subfield></datafield><datafield ind1="1" ind2="0" tag="245"><subfield code="a">Gram&#225;tica n&#225;huatl de Mecayapan /</subfield><subfield code="c">por Carl Wolgemuth.</subfield></datafield><datafield ind1=" " ind2=" " tag="250"><subfield code="a">1a ed.</subfield></datafield><datafield ind1="0" ind2=" " tag="260"><subfield code="a">M&#233;xico, D.F. :</subfield><subfield code="b">Instituto Ling&#252;&#237;stico de Verano,</subfield><subfield code="c">1981.</subfield></datafield><datafield ind1=" " ind2=" " tag="300"><subfield code="a">xvi, 222 p., [1] leaf of plates :</subfield><subfield code="b">ill. ;</subfield><subfield code="c">23 cm.</subfield></datafield><datafield ind1=" " ind2="0" tag="440"><subfield code="a">Serie de gram&#225;ticas de lenguas ind&#237;genas de M&#233;xico ;</subfield><subfield code="v">n&#250;m. 5</subfield></datafield><datafield ind1=" " ind2=" " tag="500"><subfield code="a">Spanish and Nahuatl.</subfield></datafield><datafield ind1=" " ind2=" " tag="500"><subfield code="a">Cover title: Gram&#225;tica n&#225;huatl del municipio de Mecayapan, Veracruz.</subfield></datafield><datafield ind1=" " ind2=" " tag="500"><subfield code="a">Spine title: Gram&#225;tica n&#225;huatl.</subfield></datafield><datafield ind1=" " ind2=" " tag="500"><subfield code="a">Limited ed. of 500 copies.</subfield></datafield><datafield ind1=" " ind2=" " tag="504"><subfield code="a">Bibliography: p. 209-213.</subfield></datafield><datafield ind1=" " ind2="0" tag="650"><subfield code="a">Nahuatl language</subfield><subfield code="x">Grammar.</subfield></datafield><datafield ind1=" " ind2="0" tag="650"><subfield code="a">Nahuatl language</subfield><subfield code="x">Dialects</subfield><subfield code="z">Mexico</subfield><subfield code="z">Mecayapan.</subfield></datafield><datafield ind1="0" ind2="1" tag="740"><subfield code="a">Gram&#225;tica n&#225;huatl del municipio de Mecayapan, Veracruz.</subfield></datafield><datafield ind1="0" ind2="1" tag="740"><subfield code="a">Gram&#225;tica n&#225;huatl.</subfield></datafield><datafield ind1=" " ind2=" " tag="035"><subfield code="a">(TxDaGIAL)37741100007104</subfield></datafield><controlfield tag="005">20080624155654.0</controlfield><controlfield tag="001">3556</controlfield><controlfield tag="003">TxDaGIAL</controlfield><datafield ind1=" " ind2=" " tag="852"><subfield code="p">37741100007104</subfield><subfield code="a">Library</subfield><subfield code="x">COPYID:4230</subfield><subfield code="x">FSC@aRegular@c19950822</subfield><subfield code="h">497.45 W861g 1981</subfield><subfield code="z">10044</subfield></datafield><datafield ind1=" " ind2=" " tag="852"><subfield code="p">37741100007105</subfield><subfield code="a">Library</subfield><subfield code="x">COPYID:4231</subfield><subfield code="x">FSC@aRegular@c19950822</subfield><subfield code="h">497.45 W861g 1981</subfield><subfield code="z">10159</subfield></datafield></record>