
<record><leader>00699nam a2200217Ii 4500</leader><controlfield tag="008">770316s1953    mx            00010 spa  </controlfield><datafield ind1=" " ind2=" " tag="010"><subfield code="a">   53026866</subfield></datafield><datafield ind1=" " ind2=" " tag="035"><subfield code="a">(CU-UC)1644127</subfield></datafield><datafield ind1=" " ind2=" " tag="040"><subfield code="a">DLC</subfield><subfield code="c">TXU</subfield><subfield code="d">CLU</subfield></datafield><datafield ind1="0" ind2=" " tag="050"><subfield code="a">PM4291</subfield><subfield code="b">.B7</subfield></datafield><datafield ind1="1" ind2="0" tag="100"><subfield code="a">Brambila, D.</subfield><subfield code="q">(David)</subfield></datafield><datafield ind1="1" ind2="0" tag="245"><subfield code="a">Gram&#225;tica rar&#225;muri /</subfield><subfield code="c">[por] David Brambila, colaboraci&#243;n de Jos&#233; Vergara Bianchi.</subfield></datafield><datafield ind1="0" ind2=" " tag="260"><subfield code="a">M&#233;xico :</subfield><subfield code="b">Editorial Buena Prensa,</subfield><subfield code="c">1953.</subfield></datafield><datafield ind1=" " ind2=" " tag="300"><subfield code="a">644 p. ;</subfield><subfield code="c">24 cm.</subfield></datafield><datafield ind1=" " ind2=" " tag="546"><subfield code="a">Spanish.</subfield></datafield><datafield ind1=" " ind2="0" tag="650"><subfield code="a">Tarahumara language.</subfield></datafield><datafield ind1=" " ind2=" " tag="035"><subfield code="a">(TxDaGIAL)37741100016215</subfield></datafield><controlfield tag="005">20080624155654.0</controlfield><controlfield tag="001">3557</controlfield><controlfield tag="003">TxDaGIAL</controlfield><datafield ind1=" " ind2=" " tag="852"><subfield code="p">37741100016215</subfield><subfield code="a">Library</subfield><subfield code="x">COPYID:4232</subfield><subfield code="x">FSC@aRegular@c19970325</subfield><subfield code="h">497.45 B815g 1953</subfield><subfield code="z">2611</subfield></datafield></record>