
<record><leader>00742nam a2200217Ia 4500</leader><controlfield tag="008">850619s1962    uy       b    000 0 spa d</controlfield><datafield ind1=" " ind2=" " tag="035"><subfield code="a">(CU-UC)dlaisn9106586</subfield></datafield><datafield ind1=" " ind2=" " tag="040"><subfield code="a">MYG</subfield><subfield code="c">MYG</subfield><subfield code="d">CLU</subfield></datafield><datafield ind1="0" ind2=" " tag="041"><subfield code="a">spasan</subfield></datafield><datafield ind1="1" ind2=" " tag="100"><subfield code="a">Altuchow, Nicol&#225;s.</subfield></datafield><datafield ind1="1" ind2="0" tag="245"><subfield code="a">Gram&#225;tica s&#225;nscrita elemental /</subfield><subfield code="c">Nicol&#225;s Altuchow.</subfield></datafield><datafield ind1=" " ind2=" " tag="260"><subfield code="a">Montevideo :</subfield><subfield code="b">Departamento de Ling&#252;istica, Universidad de la Republica,</subfield><subfield code="c">1962.</subfield></datafield><datafield ind1=" " ind2=" " tag="300"><subfield code="a">115 p., [3] fold. leaves ;</subfield><subfield code="c">22 cm.</subfield></datafield><datafield ind1=" " ind2=" " tag="504"><subfield code="a">Bibliography: p. [I]-IV.</subfield></datafield><datafield ind1=" " ind2=" " tag="546"><subfield code="a">Spanish.</subfield></datafield><datafield ind1=" " ind2="0" tag="650"><subfield code="a">Sanskrit language</subfield><subfield code="x">Grammar.</subfield></datafield><datafield ind1=" " ind2=" " tag="035"><subfield code="a">(TxDaGIAL)37741100014328</subfield></datafield><controlfield tag="005">20080624155655.0</controlfield><controlfield tag="001">3558</controlfield><controlfield tag="003">TxDaGIAL</controlfield><datafield ind1=" " ind2=" " tag="852"><subfield code="p">37741100014328</subfield><subfield code="a">Library</subfield><subfield code="x">COPYID:4233</subfield><subfield code="x">FSC@aRegular@c19970102</subfield><subfield code="h">491.25 A469g 1962</subfield><subfield code="z">2415</subfield></datafield></record>