
<record><leader>00976cam a2200265 a 4500</leader><controlfield tag="008">931028s1993    alua     bd  s001 0 eng  </controlfield><datafield ind1=" " ind2=" " tag="010"><subfield code="a">   93000643</subfield></datafield><datafield ind1=" " ind2=" " tag="020"><subfield code="a">0817307044 (pbk.) :</subfield><subfield code="c">$19.95</subfield></datafield><datafield ind1=" " ind2=" " tag="040"><subfield code="a">DLC</subfield><subfield code="c">DLC</subfield><subfield code="d">DLC</subfield><subfield code="d">TxDaGIAL</subfield></datafield><datafield ind1="0" ind2="0" tag="050"><subfield code="a">PM2451.Z5</subfield><subfield code="b">G73 1993</subfield></datafield><datafield ind1="0" ind2="0" tag="082"><subfield code="a">497/.5</subfield><subfield code="2">20</subfield></datafield><datafield ind1="1" ind2=" " tag="100"><subfield code="a">Granberry, Julian.</subfield></datafield><datafield ind1="1" ind2="2" tag="245"><subfield code="a">A grammar and dictionary of the Timucua language /</subfield><subfield code="c">Julian Granberry.</subfield></datafield><datafield ind1=" " ind2=" " tag="250"><subfield code="a">3rd ed.</subfield></datafield><datafield ind1=" " ind2=" " tag="260"><subfield code="a">Tuscaloosa :</subfield><subfield code="b">University of Alabama Press,</subfield><subfield code="c">c1993.</subfield></datafield><datafield ind1=" " ind2=" " tag="300"><subfield code="a">xxvi, 292 p. :</subfield><subfield code="b">ill., maps ;</subfield><subfield code="c">22 cm.</subfield></datafield><datafield ind1=" " ind2=" " tag="504"><subfield code="a">Includes bibliographical references (p. 277-292) and indexes.</subfield></datafield><datafield ind1=" " ind2="0" tag="650"><subfield code="a">Timucua language</subfield><subfield code="v">Dictionaries</subfield><subfield code="x">English.</subfield></datafield><datafield ind1=" " ind2="0" tag="650"><subfield code="a">English language</subfield><subfield code="v">Dictionaries</subfield><subfield code="x">Timucua.</subfield></datafield><datafield ind1=" " ind2="0" tag="650"><subfield code="a">Timucua language</subfield><subfield code="x">Grammar.</subfield></datafield><datafield ind1=" " ind2=" " tag="035"><subfield code="a">(TxDaGIAL)37741100008684</subfield></datafield><controlfield tag="005">20080624155655.0</controlfield><controlfield tag="001">3561</controlfield><controlfield tag="003">TxDaGIAL</controlfield><datafield ind1=" " ind2=" " tag="852"><subfield code="p">37741100008684</subfield><subfield code="a">Library</subfield><subfield code="9">$17.36</subfield><subfield code="x">COPYID:4238</subfield><subfield code="x">FSC@aRegular@c19951012</subfield><subfield code="h">497.5 G748 1993</subfield><subfield code="z">B/T  10/95</subfield></datafield></record>