
<record><leader>01072pam a2200265 a 4500</leader><controlfield tag="008">940215s1993    nbua     b   s001 0 eng  </controlfield><datafield ind1=" " ind2=" " tag="010"><subfield code="a">   93030300</subfield></datafield><datafield ind1=" " ind2=" " tag="020"><subfield code="a">0803214618 (text) :</subfield><subfield code="c">$35.00</subfield></datafield><datafield ind1=" " ind2=" " tag="040"><subfield code="a">DLC</subfield><subfield code="c">DLC</subfield><subfield code="d">DLC</subfield></datafield><datafield ind1="0" ind2="0" tag="050"><subfield code="a">PM921</subfield><subfield code="b">.C43 1993</subfield></datafield><datafield ind1="0" ind2="0" tag="082"><subfield code="a">497/.45</subfield><subfield code="2">20</subfield></datafield><datafield ind1="1" ind2=" " tag="100"><subfield code="a">Charney, Jean Ormsbee,</subfield><subfield code="d">1942-</subfield></datafield><datafield ind1="1" ind2="2" tag="245"><subfield code="a">A grammar of Comanche /</subfield><subfield code="c">Jean Ormsbee Charney.</subfield></datafield><datafield ind1=" " ind2=" " tag="260"><subfield code="a">Lincoln :</subfield><subfield code="b">University of Nebraska Press,</subfield><subfield code="c">c1993.</subfield></datafield><datafield ind1=" " ind2=" " tag="300"><subfield code="a">x, 270 p. :</subfield><subfield code="b">ill. ;</subfield><subfield code="c">24 cm.</subfield></datafield><datafield ind1=" " ind2="0" tag="440"><subfield code="a">Studies in the anthropology of North American Indians</subfield></datafield><datafield ind1=" " ind2=" " tag="500"><subfield code="a">"In cooperation with the American Indian Studies Research Institute, Indiana University, Bloomington."</subfield></datafield><datafield ind1=" " ind2=" " tag="504"><subfield code="a">Includes bibliographical references (p. 260-264) and index.</subfield></datafield><datafield ind1=" " ind2="0" tag="650"><subfield code="a">Comanche language</subfield><subfield code="x">Grammar.</subfield></datafield><datafield ind1="2" ind2="0" tag="710"><subfield code="a">Indiana University.</subfield><subfield code="b">American Indian Studies Research Institute.</subfield></datafield><datafield ind1=" " ind2=" " tag="035"><subfield code="a">(TxDaGIAL)37741100004771</subfield></datafield><controlfield tag="005">20080624155658.0</controlfield><controlfield tag="001">3571</controlfield><controlfield tag="003">TxDaGIAL</controlfield><datafield ind1=" " ind2=" " tag="852"><subfield code="p">37741100004771</subfield><subfield code="a">Library</subfield><subfield code="9">$30.45</subfield><subfield code="x">COPYID:4248</subfield><subfield code="x">FSC@aRegular@c19950606</subfield><subfield code="h">497.45 C483g 1993</subfield><subfield code="z">B/T 5-95</subfield></datafield></record>