
<record><leader>01108pam a2200289 a 4500</leader><controlfield tag="008">880915s1989    cau      b   s00110 eng  </controlfield><datafield ind1=" " ind2=" " tag="010"><subfield code="a">   88027911</subfield></datafield><datafield ind1=" " ind2=" " tag="020"><subfield code="a">0520097327 (alk. paper)</subfield></datafield><datafield ind1=" " ind2=" " tag="040"><subfield code="a">DLC</subfield><subfield code="c">DLC</subfield><subfield code="d">TxDaGIAL</subfield></datafield><datafield ind1=" " ind2=" " tag="043"><subfield code="a">s-pe---</subfield></datafield><datafield ind1="0" ind2=" " tag="050"><subfield code="a">PM6303</subfield><subfield code="b">.W38 1989</subfield></datafield><datafield ind1="0" ind2=" " tag="082"><subfield code="a">498/.3</subfield><subfield code="2">19</subfield></datafield><datafield ind1="1" ind2="0" tag="100"><subfield code="a">Weber, David,</subfield><subfield code="d">1947-</subfield></datafield><datafield ind1="1" ind2="2" tag="245"><subfield code="a">A grammar of Huallaga (Hu&#225;nuco) Quechua /</subfield><subfield code="c">David John Weber.</subfield></datafield><datafield ind1="0" ind2=" " tag="260"><subfield code="a">Berkeley :</subfield><subfield code="b">University of California Press,</subfield><subfield code="c">c1989.</subfield></datafield><datafield ind1=" " ind2=" " tag="300"><subfield code="a">xxv, 490 p. ;</subfield><subfield code="c">26 cm.</subfield></datafield><datafield ind1=" " ind2="0" tag="440"><subfield code="a">University of California publications in linguistics ;</subfield><subfield code="v">v. 112</subfield></datafield><datafield ind1=" " ind2=" " tag="504"><subfield code="a">Bibliography: p. 479-481.</subfield></datafield><datafield ind1=" " ind2=" " tag="500"><subfield code="a">Includes index.</subfield></datafield><datafield ind1=" " ind2="0" tag="650"><subfield code="a">Quechua language</subfield><subfield code="x">Grammar.</subfield></datafield><datafield ind1=" " ind2="0" tag="650"><subfield code="a">Quechua language</subfield><subfield code="x">Dialects</subfield><subfield code="z">Peru</subfield><subfield code="z">Hu&#225;nuco (Dept.)</subfield></datafield><datafield ind1=" " ind2=" " tag="035"><subfield code="a">(TxDaGIAL)37741100010892</subfield></datafield><controlfield tag="005">20080624155659.0</controlfield><controlfield tag="001">3574</controlfield><controlfield tag="003">TxDaGIAL</controlfield><datafield ind1=" " ind2=" " tag="852"><subfield code="p">37741100010892</subfield><subfield code="a">Library</subfield><subfield code="9">$52.00</subfield><subfield code="x">COPYID:4251</subfield><subfield code="x">FSC@aRegular@c19960410</subfield><subfield code="h">498.3231 W373g 1989</subfield><subfield code="z">B/T 1-90</subfield></datafield><datafield ind1=" " ind2=" " tag="852"><subfield code="p">37741100022674</subfield><subfield code="a">Library</subfield><subfield code="9">$0.00</subfield><subfield code="x">COPYID:4252</subfield><subfield code="x">FSC@aRegular@c19981110</subfield><subfield code="h">498.3231 W373g 1989</subfield><subfield code="z">Gift David John Weber 3-98</subfield></datafield></record>