
<record><leader>01071nam a2200301Ii 4500</leader><controlfield tag="008">761229t19751975miu     rb    00010 eng d</controlfield><datafield ind1=" " ind2=" " tag="035"><subfield code="a">(CU-UC)4952918</subfield></datafield><datafield ind1=" " ind2=" " tag="040"><subfield code="a">AZS</subfield><subfield code="c">AZS</subfield><subfield code="d">CLU</subfield></datafield><datafield ind1="1" ind2="0" tag="100"><subfield code="a">George, Isaac,</subfield><subfield code="d">1933-</subfield></datafield><datafield ind1="1" ind2="2" tag="245"><subfield code="a">A grammar of Kwa-type verb serialization :</subfield><subfield code="b">its nature and significance in current generative theory /</subfield><subfield code="c">by Isaac George.</subfield></datafield><datafield ind1="1" ind2=" " tag="260"><subfield code="c">1975.</subfield></datafield><datafield ind1=" " ind2=" " tag="300"><subfield code="a">xv, 167 leaves.</subfield></datafield><datafield ind1=" " ind2=" " tag="500"><subfield code="a">Vita.</subfield></datafield><datafield ind1=" " ind2=" " tag="502"><subfield code="a">Thesis (Ph.D.)--UCLA, 1975.</subfield></datafield><datafield ind1=" " ind2=" " tag="504"><subfield code="a">Bibliography: leaves 159-167.</subfield></datafield><datafield ind1=" " ind2=" " tag="546"><subfield code="a">English.</subfield></datafield><datafield ind1=" " ind2=" " tag="533"><subfield code="a">Facsimile.</subfield><subfield code="b">Ann Arbor, Mich :</subfield><subfield code="c">University Microfilms,</subfield><subfield code="d">1981.</subfield></datafield><datafield ind1=" " ind2="0" tag="650"><subfield code="a">Kwa languages</subfield><subfield code="x">Verb.</subfield></datafield><datafield ind1=" " ind2="0" tag="650"><subfield code="a">Kwa languages</subfield><subfield code="x">Grammar, Generative.</subfield></datafield><datafield ind1=" " ind2="0" tag="650"><subfield code="a">Grammar, Comparative and general</subfield><subfield code="x">Verb.</subfield></datafield><datafield ind1=" " ind2="0" tag="650"><subfield code="a">Nupe language</subfield><subfield code="x">Verb.</subfield></datafield><datafield ind1=" " ind2="0" tag="650"><subfield code="a">Generative grammar.</subfield></datafield><datafield ind1=" " ind2="0" tag="650"><subfield code="a">Dissertations, Academic</subfield><subfield code="x">UCLA</subfield><subfield code="x">Linguistics.</subfield></datafield><datafield ind1=" " ind2=" " tag="035"><subfield code="a">(TxDaGIAL)37741100015569</subfield></datafield><controlfield tag="005">20080624155659.0</controlfield><controlfield tag="001">3575</controlfield><controlfield tag="003">TxDaGIAL</controlfield><datafield ind1=" " ind2=" " tag="852"><subfield code="p">37741100015569</subfield><subfield code="a">Library</subfield><subfield code="x">COPYID:4253</subfield><subfield code="x">FSC@aRegular@c19970305</subfield><subfield code="h">496.33 G348g 1975</subfield><subfield code="z">6762</subfield></datafield></record>