
<record><leader>00830nam a2200265 a 4500</leader><controlfield tag="008">830606s1983    txua     b   s00110 eng  </controlfield><datafield ind1=" " ind2=" " tag="010"><subfield code="a">   82051115</subfield></datafield><datafield ind1=" " ind2=" " tag="020"><subfield code="a">0292727267</subfield></datafield><datafield ind1=" " ind2=" " tag="040"><subfield code="a">DLC</subfield><subfield code="c">DLC</subfield><subfield code="d">TxDaGIAL</subfield></datafield><datafield ind1="0" ind2=" " tag="050"><subfield code="a">PM3936</subfield><subfield code="b">.E53 1983</subfield></datafield><datafield ind1="0" ind2=" " tag="082"><subfield code="a">497/.4</subfield><subfield code="2">19</subfield></datafield><datafield ind1="1" ind2="0" tag="100"><subfield code="a">England, Nora C.</subfield></datafield><datafield ind1="1" ind2="2" tag="245"><subfield code="a">A grammar of Mam, a Mayan language /</subfield><subfield code="c">Nora C. England.</subfield></datafield><datafield ind1=" " ind2=" " tag="250"><subfield code="a">1st ed.</subfield></datafield><datafield ind1="0" ind2=" " tag="260"><subfield code="a">Austin :</subfield><subfield code="b">University of Texas Press,</subfield><subfield code="c">1983.</subfield></datafield><datafield ind1=" " ind2=" " tag="300"><subfield code="a">xi, 353 p. :</subfield><subfield code="b">ill. ;</subfield><subfield code="c">24 cm.</subfield></datafield><datafield ind1=" " ind2="0" tag="440"><subfield code="a">Texas linguistics series</subfield></datafield><datafield ind1=" " ind2=" " tag="504"><subfield code="a">Bibliography: p. [343]-347.</subfield></datafield><datafield ind1=" " ind2=" " tag="500"><subfield code="a">Includes index.</subfield></datafield><datafield ind1=" " ind2="0" tag="650"><subfield code="a">Mam language</subfield><subfield code="x">Grammar.</subfield></datafield><datafield ind1=" " ind2=" " tag="035"><subfield code="a">(TxDaGIAL)37741100012621</subfield></datafield><controlfield tag="005">20080624155659.0</controlfield><controlfield tag="001">3576</controlfield><controlfield tag="003">TxDaGIAL</controlfield><datafield ind1=" " ind2=" " tag="852"><subfield code="p">37741100012621</subfield><subfield code="a">Library</subfield><subfield code="x">COPYID:4254</subfield><subfield code="x">FSC@aRegular@c19960718</subfield><subfield code="h">497.415 E58g 1983</subfield><subfield code="z">10121</subfield></datafield></record>