
<record><leader>00835cam a2200253 a 4500</leader><controlfield tag="008">870730s1984    inu          s00010 eng  </controlfield><datafield ind1=" " ind2=" " tag="010"><subfield code="a">   87160963</subfield></datafield><datafield ind1=" " ind2=" " tag="040"><subfield code="a">DLC</subfield><subfield code="c">DLC</subfield><subfield code="d">TxDaGIAL</subfield></datafield><datafield ind1="0" ind2=" " tag="050"><subfield code="a">PL8598.O27</subfield><subfield code="b">F37 1984</subfield></datafield><datafield ind1="0" ind2=" " tag="082"><subfield code="a">496/.36</subfield><subfield code="2">19</subfield></datafield><datafield ind1="0" ind2="4" tag="082"><subfield code="a">496/.36/4</subfield><subfield code="2">21</subfield></datafield><datafield ind1=" " ind2=" " tag="094"><subfield code="a">ann00</subfield><subfield code="2">ROPAL</subfield></datafield><datafield ind1="1" ind2="0" tag="100"><subfield code="a">Faraclas, Nicholas.</subfield></datafield><datafield ind1="1" ind2="2" tag="245"><subfield code="a">A grammar of Obolo /</subfield><subfield code="c">by Nicholas Faraclas.</subfield></datafield><datafield ind1="0" ind2=" " tag="260"><subfield code="a">Bloomington, Ind. :</subfield><subfield code="b">Indiana University Linguistics Club,</subfield><subfield code="c">[1984]</subfield></datafield><datafield ind1=" " ind2=" " tag="300"><subfield code="a">xx, 122 p. ;</subfield><subfield code="c">29 cm.</subfield></datafield><datafield ind1=" " ind2="0" tag="440"><subfield code="a">Studies in African grammatical systems ;</subfield><subfield code="v">1</subfield></datafield><datafield ind1=" " ind2=" " tag="500"><subfield code="a">"September 1984."</subfield></datafield><datafield ind1=" " ind2="0" tag="650"><subfield code="a">Obolo language</subfield><subfield code="x">Grammar.</subfield></datafield><datafield ind1=" " ind2=" " tag="035"><subfield code="a">(TxDaGIAL)37741100004097</subfield></datafield><controlfield tag="005">20080624155659.0</controlfield><controlfield tag="001">3580</controlfield><controlfield tag="003">TxDaGIAL</controlfield><datafield ind1=" " ind2=" " tag="852"><subfield code="p">37741100004097</subfield><subfield code="a">Library</subfield><subfield code="9">$0.00</subfield><subfield code="x">COPYID:4258</subfield><subfield code="x">FSC@aRegular@c19991101</subfield><subfield code="h">496.364 F219p 1984</subfield><subfield code="z">10660</subfield></datafield></record>