
<record><leader>00845nam a2200253Ii 4500</leader><controlfield tag="008">750718s1962    enk           00000 eng u</controlfield><datafield ind1=" " ind2=" " tag="010"><subfield code="a">   62002130</subfield></datafield><datafield ind1=" " ind2=" " tag="035"><subfield code="a">(CU-UC)dlaisn342429</subfield></datafield><datafield ind1=" " ind2=" " tag="040"><subfield code="c">DZM</subfield><subfield code="d">CLU</subfield><subfield code="d">TxDaGIAL</subfield></datafield><datafield ind1="0" ind2=" " tag="050"><subfield code="a">PJ5252</subfield><subfield code="b">.S8  1962</subfield></datafield><datafield ind1=" " ind2=" " tag="082"><subfield code="a">492.295</subfield></datafield><datafield ind1="1" ind2="0" tag="100"><subfield code="a">Stevenson, William Barron,</subfield><subfield code="d">1869-1954.</subfield></datafield><datafield ind1="1" ind2="0" tag="245"><subfield code="a">Grammar of Palestinian Jewish Aramaic /</subfield><subfield code="c">by Wm. B. Stevenson; with an appendix on the numerals by J. A. Emerton.</subfield></datafield><datafield ind1=" " ind2=" " tag="250"><subfield code="a">2d ed.</subfield></datafield><datafield ind1="0" ind2=" " tag="260"><subfield code="a">Oxford :</subfield><subfield code="b">Clarendon Press,</subfield><subfield code="c">c1962.</subfield></datafield><datafield ind1=" " ind2=" " tag="300"><subfield code="a">107 p. ;</subfield><subfield code="c">19 cm.</subfield></datafield><datafield ind1=" " ind2=" " tag="504"><subfield code="a">Includes bibliography.</subfield></datafield><datafield ind1=" " ind2=" " tag="546"><subfield code="a">English.</subfield></datafield><datafield ind1=" " ind2="0" tag="650"><subfield code="a">Aramaic language</subfield><subfield code="x">Grammar.</subfield></datafield><datafield ind1=" " ind2=" " tag="035"><subfield code="a">(TxDaGIAL)37741100014656</subfield></datafield><controlfield tag="005">20080624155700.0</controlfield><controlfield tag="001">3581</controlfield><controlfield tag="003">TxDaGIAL</controlfield><datafield ind1=" " ind2=" " tag="852"><subfield code="p">37741100014656</subfield><subfield code="a">Library</subfield><subfield code="x">COPYID:4259</subfield><subfield code="x">FSC@aRegular@c19970124</subfield><subfield code="h">492.295 S848g 1962</subfield><subfield code="z">5903</subfield></datafield></record>