
<record><leader>01065cam a2200253Ii 4500</leader><controlfield tag="008">780601s1955    dcua          00100 engm </controlfield><datafield ind1=" " ind2=" " tag="010"><subfield code="a">   55001573 /L</subfield></datafield><datafield ind1=" " ind2=" " tag="035"><subfield code="a">(CU-UC)dlaisn1297354</subfield></datafield><datafield ind1=" " ind2=" " tag="040"><subfield code="a">DLC</subfield><subfield code="c">VA@</subfield><subfield code="d">CUS</subfield></datafield><datafield ind1="0" ind2=" " tag="050"><subfield code="a">PK6798.K3</subfield><subfield code="b">P4</subfield></datafield><datafield ind1="1" ind2="0" tag="100"><subfield code="a">Penzl, Herbert,</subfield><subfield code="d">1910-</subfield></datafield><datafield ind1="1" ind2="2" tag="245"><subfield code="a">A grammar of Pashto :</subfield><subfield code="b">a descriptive study of the dialect of Kandahar, Afghanistan.</subfield></datafield><datafield ind1="0" ind2=" " tag="260"><subfield code="a">Washington :</subfield><subfield code="b">American Council of Learned Societies,</subfield><subfield code="c">1955.</subfield></datafield><datafield ind1=" " ind2=" " tag="300"><subfield code="a">169 p. :</subfield><subfield code="b">illus. ;</subfield><subfield code="c">23 cm.</subfield></datafield><datafield ind1="1" ind2=" " tag="490"><subfield code="a">American Council of Learned Societies.</subfield><subfield code="b">Program in Oriental Languages.</subfield><subfield code="n">Series B:</subfield><subfield code="t">Publications.</subfield><subfield code="p">Aids,</subfield><subfield code="v">no. 2.</subfield></datafield><datafield ind1=" " ind2=" " tag="546"><subfield code="a">English.</subfield></datafield><datafield ind1=" " ind2="0" tag="650"><subfield code="a">Pushto language</subfield><subfield code="x">Grammar.</subfield></datafield><datafield ind1=" " ind2="0" tag="650"><subfield code="a">Pushto language</subfield><subfield code="x">Dialects</subfield><subfield code="z">Afghanistan</subfield><subfield code="z">Qandah&#257;r.</subfield></datafield><datafield ind1="2" ind2=" " tag="810"><subfield code="a">American Council of Learned Societies.</subfield><subfield code="b">Program in Oriental Languages.</subfield><subfield code="n">Series B:</subfield><subfield code="t">Publications.</subfield><subfield code="p">Aids,</subfield><subfield code="v">no. 2.</subfield></datafield><datafield ind1=" " ind2=" " tag="035"><subfield code="a">(TxDaGIAL)37741100014527</subfield></datafield><controlfield tag="005">20080624155700.0</controlfield><controlfield tag="001">3582</controlfield><controlfield tag="003">TxDaGIAL</controlfield><datafield ind1=" " ind2=" " tag="852"><subfield code="p">37741100014527</subfield><subfield code="a">Library</subfield><subfield code="x">COPYID:4260</subfield><subfield code="x">FSC@aRegular@c19970121</subfield><subfield code="h">491.593 P412g 1955</subfield><subfield code="z">771</subfield></datafield></record>