
<record><leader>00963cam a2200265   4500</leader><controlfield tag="008">700818s1970    cau      b    00000 eng  </controlfield><datafield ind1=" " ind2=" " tag="010"><subfield code="a">   74626765 //r85</subfield></datafield><datafield ind1=" " ind2=" " tag="020"><subfield code="c">5.50</subfield></datafield><datafield ind1=" " ind2=" " tag="040"><subfield code="a">DLC</subfield><subfield code="c">DLC</subfield><subfield code="d">TxDaGIAL</subfield></datafield><datafield ind1="0" ind2=" " tag="050"><subfield code="a">PL8725.5</subfield><subfield code="b">.N4</subfield></datafield><datafield ind1=" " ind2=" " tag="082"><subfield code="a">493/.7</subfield></datafield><datafield ind1="1" ind2="0" tag="100"><subfield code="a">Newman, Paul,</subfield><subfield code="d">1937-</subfield></datafield><datafield ind1="1" ind2="2" tag="245"><subfield code="a">A grammar of Tera :</subfield><subfield code="b">transformational syntax and tests.</subfield></datafield><datafield ind1="0" ind2=" " tag="260"><subfield code="a">Berkeley :</subfield><subfield code="b">University of California Press,</subfield><subfield code="c">1970.</subfield></datafield><datafield ind1=" " ind2=" " tag="300"><subfield code="a">vii, 263 p. ;</subfield><subfield code="c">26 cm.</subfield></datafield><datafield ind1="1" ind2=" " tag="490"><subfield code="a">University of California publications in linguistics, v. 57</subfield></datafield><datafield ind1=" " ind2=" " tag="500"><subfield code="a">A revision of the author's thesis--University of California, Los Angeles.</subfield></datafield><datafield ind1=" " ind2=" " tag="504"><subfield code="a">Bibliography: p. 261-263.</subfield></datafield><datafield ind1=" " ind2="0" tag="650"><subfield code="a">Tera language.</subfield></datafield><datafield ind1=" " ind2="0" tag="830"><subfield code="a">University of California publications in linguistics ;</subfield><subfield code="v">v. 57.</subfield></datafield><datafield ind1=" " ind2=" " tag="035"><subfield code="a">(TxDaGIAL)37741100007598</subfield></datafield><controlfield tag="005">20080624155700.0</controlfield><controlfield tag="001">3585</controlfield><controlfield tag="003">TxDaGIAL</controlfield><datafield ind1=" " ind2=" " tag="852"><subfield code="p">37741100007598</subfield><subfield code="a">Library</subfield><subfield code="x">COPYID:4263</subfield><subfield code="x">FSC@aRegular@c19950906</subfield><subfield code="h">493.7 N554g 1970</subfield><subfield code="z">4246</subfield></datafield></record>