
<record><leader>01160cam a2200277 a 4500</leader><controlfield tag="008">760203s1954    mdu      b    00000 engm </controlfield><datafield ind1=" " ind2=" " tag="010"><subfield code="a">   55000941</subfield></datafield><datafield ind1=" " ind2=" " tag="035"><subfield code="a">(CU-UC)dlaisn1768076</subfield></datafield><datafield ind1=" " ind2=" " tag="040"><subfield code="a">DLC</subfield><subfield code="c">ABC</subfield><subfield code="d">m/c</subfield><subfield code="d">CLU</subfield><subfield code="d">TxDaGIAL</subfield></datafield><datafield ind1="1" ind2="0" tag="100"><subfield code="a">Pittman, Richard S.</subfield><subfield code="q">(Richard Saunders),</subfield><subfield code="d">1915-</subfield></datafield><datafield ind1="1" ind2="2" tag="245"><subfield code="a">A grammar of Tetelcingo (Morelos) Nahuatl.</subfield></datafield><datafield ind1="0" ind2=" " tag="260"><subfield code="a">Baltimore :</subfield><subfield code="b">Linguistic Society of America,</subfield><subfield code="c">[1954]</subfield></datafield><datafield ind1=" " ind2=" " tag="300"><subfield code="a">67 p. ;</subfield><subfield code="c">26 cm.</subfield></datafield><datafield ind1="1" ind2=" " tag="490"><subfield code="a">Language dissertation ;</subfield><subfield code="v">no. 50</subfield></datafield><datafield ind1=" " ind2=" " tag="500"><subfield code="a">"University of Pennsylvania dissertation."</subfield></datafield><datafield ind1=" " ind2=" " tag="500"><subfield code="a">Supplement to Language; journal of the Linguistic Society of America, v. 30, no. 1, pt. 2, Jan.-Mar. 1954.</subfield></datafield><datafield ind1=" " ind2=" " tag="504"><subfield code="a">Includes bibliographical references.</subfield></datafield><datafield ind1=" " ind2="0" tag="650"><subfield code="a">Nahuatl language</subfield><subfield code="x">Dialects</subfield><subfield code="z">Mexico</subfield><subfield code="z">Tetelcingo.</subfield></datafield><datafield ind1="0" ind2="0" tag="740"><subfield code="a">Language. Supplement.</subfield></datafield><datafield ind1=" " ind2="0" tag="830"><subfield code="a">Language dissertation ;</subfield><subfield code="v">no. 50.</subfield></datafield><datafield ind1=" " ind2=" " tag="035"><subfield code="a">(TxDaGIAL)37741100015068</subfield></datafield><controlfield tag="005">20080624155700.0</controlfield><controlfield tag="001">3586</controlfield><controlfield tag="003">TxDaGIAL</controlfield><datafield ind1=" " ind2=" " tag="852"><subfield code="p">37741100015068</subfield><subfield code="a">Library</subfield><subfield code="x">COPYID:4264</subfield><subfield code="x">FSC@aRegular@c19970211</subfield><subfield code="h">497.452 P689g 1954</subfield><subfield code="z">2039</subfield></datafield><datafield ind1=" " ind2=" " tag="852"><subfield code="p">37741100015069</subfield><subfield code="a">Library</subfield><subfield code="x">COPYID:4265</subfield><subfield code="x">FSC@aRegular@c19970211</subfield><subfield code="h">497.452 P689g 1954</subfield><subfield code="z">2040</subfield></datafield></record>