
<record><leader>01044cam a2200265Ii 4500</leader><controlfield tag="008">721212s1936    cou      b    00010 eng u</controlfield><datafield ind1=" " ind2=" " tag="010"><subfield code="a">   36032612</subfield></datafield><datafield ind1=" " ind2=" " tag="035"><subfield code="a">(CU-UC)dlaisn2472890</subfield></datafield><datafield ind1=" " ind2=" " tag="040"><subfield code="c">OUN</subfield><subfield code="d">m.c.</subfield><subfield code="d">OCL</subfield><subfield code="d">CUS</subfield></datafield><datafield ind1="0" ind2=" " tag="050"><subfield code="a">PJ4175</subfield><subfield code="b">.H3 1936</subfield></datafield><datafield ind1="1" ind2="0" tag="100"><subfield code="a">Harris, Zellig S.</subfield><subfield code="q">(Zellig Sabbettai),</subfield><subfield code="d">1909-</subfield></datafield><datafield ind1="1" ind2="2" tag="245"><subfield code="a">A grammar of the Phoenician language.</subfield></datafield><datafield ind1="0" ind2=" " tag="260"><subfield code="a">New Haven, Conn. :</subfield><subfield code="b">American Oriental society,</subfield><subfield code="c">1936.</subfield></datafield><datafield ind1=" " ind2=" " tag="300"><subfield code="a">xi, 172 p. ;</subfield><subfield code="c">26 cm.</subfield></datafield><datafield ind1=" " ind2="0" tag="440"><subfield code="a">American oriental series ;</subfield><subfield code="v">v. 8.</subfield></datafield><datafield ind1=" " ind2=" " tag="500"><subfield code="a">Issued also as thesis (PH.D.) University of Pennsylvania.</subfield></datafield><datafield ind1=" " ind2=" " tag="504"><subfield code="a">Bibliography: p. 163-172.</subfield></datafield><datafield ind1=" " ind2=" " tag="546"><subfield code="a">English.</subfield></datafield><datafield ind1=" " ind2="0" tag="650"><subfield code="a">Phoenician language</subfield><subfield code="x">Grammar.</subfield></datafield><datafield ind1=" " ind2=" " tag="035"><subfield code="a">(TxDaGIAL)37741100014657</subfield></datafield><controlfield tag="005">20080624155701.0</controlfield><controlfield tag="001">3589</controlfield><controlfield tag="003">TxDaGIAL</controlfield><datafield ind1=" " ind2=" " tag="852"><subfield code="p">37741100014657</subfield><subfield code="a">Library</subfield><subfield code="x">COPYID:4268</subfield><subfield code="x">FSC@aRegular@c19970124</subfield><subfield code="h">492.6 H317g 1936</subfield><subfield code="z">4625</subfield></datafield><datafield ind1=" " ind2=" " tag="852"><subfield code="p">37741100024834</subfield><subfield code="a">Library</subfield><subfield code="b">James E. Redden Coll</subfield><subfield code="9">$0.00</subfield><subfield code="x">FUND:Gift</subfield><subfield code="x">COPYID:4269</subfield><subfield code="x">FSC@aRegular@c20010619</subfield><subfield code="h">492.6 H317g 1936</subfield><subfield code="z">Gift James E. Redden 1-01</subfield></datafield></record>