
<record><leader>00806nam a2200241Ia 4500</leader><controlfield tag="008">810825s19801980miua     b    00010 eng d</controlfield><datafield ind1=" " ind2=" " tag="035"><subfield code="a">(CU-UC)4910011</subfield></datafield><datafield ind1=" " ind2=" " tag="040"><subfield code="a">IUA</subfield><subfield code="c">IUA</subfield><subfield code="d">CU-S</subfield></datafield><datafield ind1="1" ind2="0" tag="100"><subfield code="a">Watson, Richard L.</subfield></datafield><datafield ind1="1" ind2="2" tag="245"><subfield code="a">A grammar of two Pacoh texts /</subfield><subfield code="c">by Richard Leon Watson.</subfield></datafield><datafield ind1="1" ind2=" " tag="260"><subfield code="c">1980.</subfield></datafield><datafield ind1=" " ind2=" " tag="300"><subfield code="a">xiii, 332 leaves :</subfield><subfield code="b">ill. ;</subfield><subfield code="c">29 cm.</subfield></datafield><datafield ind1=" " ind2=" " tag="502"><subfield code="a">Thesis (Ph. D.)--University of Texas at Arlington, 1980.</subfield></datafield><datafield ind1=" " ind2=" " tag="504"><subfield code="a">Bibliography: leaves 318-332.</subfield></datafield><datafield ind1=" " ind2=" " tag="546"><subfield code="a">English.</subfield></datafield><datafield ind1=" " ind2="0" tag="650"><subfield code="a">Pacoh language</subfield><subfield code="x">Discourse analysis.</subfield></datafield><datafield ind1=" " ind2="0" tag="650"><subfield code="a">Pacoh language</subfield><subfield code="x">Generative grammar.</subfield></datafield><datafield ind1=" " ind2="0" tag="650"><subfield code="a">Tagmemics.</subfield></datafield><datafield ind1=" " ind2=" " tag="035"><subfield code="a">(TxDaGIAL)37741100015433</subfield></datafield><controlfield tag="005">20080624155701.0</controlfield><controlfield tag="001">3590</controlfield><controlfield tag="003">TxDaGIAL</controlfield><datafield ind1=" " ind2=" " tag="852"><subfield code="p">37741100015433</subfield><subfield code="a">Library</subfield><subfield code="x">COPYID:4270</subfield><subfield code="x">FSC@aRegular@c19970226</subfield><subfield code="h">495.93 W341g 1980</subfield><subfield code="z">7692</subfield></datafield></record>