
<record><leader>00848nam a2200229 a 4500</leader><controlfield tag="008">970325s1981    txu           000 0 eng d</controlfield><datafield ind1=" " ind2=" " tag="040"><subfield code="a">TxDaGIAL</subfield><subfield code="c">TxDaGIAL</subfield></datafield><datafield ind1="1" ind2=" " tag="100"><subfield code="a">Godfrey, Thomas James.</subfield></datafield><datafield ind1="1" ind2="0" tag="245"><subfield code="a">Grammatical categories for spatial reference in the Western Mam dialect of Tacan&#225; /</subfield><subfield code="c">by Thomas James Godfrey.</subfield></datafield><datafield ind1=" " ind2=" " tag="260"><subfield code="c">1981.</subfield></datafield><datafield ind1=" " ind2=" " tag="300"><subfield code="a">xxi, 204 leaves ;</subfield><subfield code="c">28 cm.</subfield></datafield><datafield ind1=" " ind2=" " tag="500"><subfield code="a">Vita.</subfield></datafield><datafield ind1=" " ind2=" " tag="502"><subfield code="a">Thesis (Ph.D.)--University of Texas at Austin. 1981.</subfield></datafield><datafield ind1=" " ind2=" " tag="504"><subfield code="a">Bibliography : leaves 200-204.</subfield></datafield><datafield ind1=" " ind2="0" tag="650"><subfield code="a">Mam language</subfield><subfield code="x">Grammar.</subfield></datafield><datafield ind1=" " ind2="0" tag="650"><subfield code="a">Mayan languages.</subfield></datafield><datafield ind1="2" ind2="0" tag="610"><subfield code="a">University of Texas at Austin.</subfield><subfield code="b">Graduate School</subfield><subfield code="x">Dissertations.</subfield></datafield><datafield ind1=" " ind2=" " tag="035"><subfield code="a">(TxDaGIAL)37741100016233</subfield></datafield><controlfield tag="005">20080624155702.0</controlfield><controlfield tag="001">3595</controlfield><controlfield tag="003">TxDaGIAL</controlfield><datafield ind1=" " ind2=" " tag="852"><subfield code="p">37741100016233</subfield><subfield code="a">Library</subfield><subfield code="x">COPYID:4275</subfield><subfield code="x">FSC@aRegular@c19970325</subfield><subfield code="h">497.41513 G583g 1981</subfield><subfield code="z">10413</subfield></datafield></record>