
<record><leader>00974nam a2200265 a 4500</leader><controlfield tag="008">830426s1982    enk      b    00110 eng  </controlfield><datafield ind1=" " ind2=" " tag="010"><subfield code="a">   82185283</subfield></datafield><datafield ind1=" " ind2=" " tag="020"><subfield code="a">0950814903 (pbk.) :</subfield><subfield code="c">&#163;5.70</subfield></datafield><datafield ind1=" " ind2=" " tag="040"><subfield code="a">DLC</subfield><subfield code="c">DLC</subfield><subfield code="d">TxDaGIAL</subfield></datafield><datafield ind1=" " ind2=" " tag="043"><subfield code="a">a-cc-kn</subfield><subfield code="a">a-my---</subfield></datafield><datafield ind1="0" ind2=" " tag="050"><subfield code="a">PL1733</subfield><subfield code="b">.K54 1982</subfield></datafield><datafield ind1="0" ind2=" " tag="082"><subfield code="a">495.1/7</subfield><subfield code="2">19</subfield></datafield><datafield ind1="1" ind2="0" tag="100"><subfield code="a">Killingley, Siew-Yue,</subfield><subfield code="d">1940-</subfield></datafield><datafield ind1="1" ind2="4" tag="245"><subfield code="a">The grammatical hierarchy of Malayan Cantonese /</subfield><subfield code="c">Siew-Yue Killingley.</subfield></datafield><datafield ind1="0" ind2=" " tag="260"><subfield code="a">Newcastle upon Tyne :</subfield><subfield code="b">S.-Y. Killingley :</subfield><subfield code="b">Distributed by Grevatt &amp; Grevatt,</subfield><subfield code="c">1982.</subfield></datafield><datafield ind1=" " ind2=" " tag="300"><subfield code="a">xxiii, 231 p. ;</subfield><subfield code="c">21 x 30 cm.</subfield></datafield><datafield ind1=" " ind2=" " tag="504"><subfield code="a">Bibliography: p. 215-219.</subfield></datafield><datafield ind1=" " ind2=" " tag="500"><subfield code="a">Includes indexes.</subfield></datafield><datafield ind1=" " ind2="0" tag="650"><subfield code="a">Chinese language</subfield><subfield code="x">Dialects</subfield><subfield code="z">China</subfield><subfield code="z">Canton</subfield><subfield code="x">Grammar.</subfield></datafield><datafield ind1=" " ind2="0" tag="650"><subfield code="a">Chinese language</subfield><subfield code="x">Dialects</subfield><subfield code="z">Malaysia</subfield><subfield code="x">Grammar.</subfield></datafield><datafield ind1=" " ind2=" " tag="035"><subfield code="a">(TxDaGIAL)37741100008767</subfield></datafield><controlfield tag="005">20080624155702.0</controlfield><controlfield tag="001">3597</controlfield><controlfield tag="003">TxDaGIAL</controlfield><datafield ind1=" " ind2=" " tag="852"><subfield code="p">37741100008767</subfield><subfield code="a">Library</subfield><subfield code="x">COPYID:4277</subfield><subfield code="x">FSC@aRegular@c19951016</subfield><subfield code="h">495.17 K48g 1982</subfield><subfield code="z">9587</subfield></datafield></record>