
<record><leader>01029pam a2200277 a 4500</leader><controlfield tag="008">850411s1985    nyu      b    00010 eng  </controlfield><datafield ind1=" " ind2=" " tag="010"><subfield code="a">   85007051</subfield></datafield><datafield ind1=" " ind2=" " tag="020"><subfield code="a">082405475X (alk. paper) :</subfield><subfield code="c">$35.00</subfield></datafield><datafield ind1=" " ind2=" " tag="040"><subfield code="a">DLC</subfield><subfield code="c">DLC</subfield><subfield code="d">TxDaGIAL</subfield></datafield><datafield ind1=" " ind2=" " tag="043"><subfield code="a">s-ec---</subfield></datafield><datafield ind1="0" ind2=" " tag="050"><subfield code="a">PM6303</subfield><subfield code="b">.J35 1985</subfield></datafield><datafield ind1="0" ind2=" " tag="082"><subfield code="a">498/.3</subfield><subfield code="2">19</subfield></datafield><datafield ind1="1" ind2="0" tag="100"><subfield code="a">Jake, Janice L.</subfield><subfield code="q">(Janice Lynn),</subfield><subfield code="d">1954-</subfield></datafield><datafield ind1="1" ind2="0" tag="245"><subfield code="a">Grammatical relations in Imbabura Quechua /</subfield><subfield code="c">Janice L. Jake.</subfield></datafield><datafield ind1="0" ind2=" " tag="260"><subfield code="a">New York :</subfield><subfield code="b">Garland Pub.,</subfield><subfield code="c">1985.</subfield></datafield><datafield ind1=" " ind2=" " tag="300"><subfield code="a">293 p. ;</subfield><subfield code="c">24 cm.</subfield></datafield><datafield ind1=" " ind2="0" tag="440"><subfield code="a">Outstanding dissertations in linguistics</subfield></datafield><datafield ind1=" " ind2=" " tag="500"><subfield code="a">Originally presented as the author's thesis (Ph. D.--University of Illinois at Urbana-Champaign)</subfield></datafield><datafield ind1=" " ind2=" " tag="504"><subfield code="a">Bibliography: p. 290-293.</subfield></datafield><datafield ind1=" " ind2="0" tag="650"><subfield code="a">Quechua language</subfield><subfield code="x">Grammar.</subfield></datafield><datafield ind1=" " ind2="0" tag="650"><subfield code="a">Quechua language</subfield><subfield code="x">Dialects</subfield><subfield code="z">Ecuador</subfield><subfield code="z">Imbabura.</subfield></datafield><datafield ind1=" " ind2=" " tag="035"><subfield code="a">(TxDaGIAL)37741100010889</subfield></datafield><controlfield tag="005">20080624155703.0</controlfield><controlfield tag="001">3600</controlfield><controlfield tag="003">TxDaGIAL</controlfield><datafield ind1=" " ind2=" " tag="852"><subfield code="p">37741100010889</subfield><subfield code="a">Library</subfield><subfield code="9">$35.00</subfield><subfield code="x">COPYID:4280</subfield><subfield code="x">FSC@aRegular@c19960410</subfield><subfield code="h">498.3235 J25g 1985</subfield><subfield code="z">11645</subfield></datafield></record>