
<record><leader>00814cam a2200205 i 4500</leader><controlfield tag="008">751104n1958    miu           00000 eng  </controlfield><datafield ind1=" " ind2=" " tag="040"><subfield code="a">TxDaGIAL</subfield><subfield code="c">TxDaGIAL</subfield><subfield code="c">TxDaGIAL</subfield></datafield><datafield ind1="1" ind2="0" tag="100"><subfield code="a">Waterhouse, Viola Grace,</subfield><subfield code="d">1918-</subfield></datafield><datafield ind1="1" ind2="4" tag="245"><subfield code="a">The grammatical structure of Oaxaca Chontal /</subfield><subfield code="c">by Viola Grace Waterhouse.</subfield></datafield><datafield ind1="0" ind2=" " tag="260"><subfield code="c">1958.</subfield></datafield><datafield ind1=" " ind2=" " tag="300"><subfield code="a">vi, 167 leaves ;</subfield><subfield code="c">28 cm.</subfield></datafield><datafield ind1=" " ind2=" " tag="502"><subfield code="a">Thesis (Ph.D.)--University of Michigan, 1958.</subfield></datafield><datafield ind1=" " ind2=" " tag="504"><subfield code="a">Includes bibliographical references (leaves 162-167).</subfield></datafield><datafield ind1=" " ind2=" " tag="500"><subfield code="a">Published in International journal of American linguistics, v. 28, no. 2, pt. 2., 1962.</subfield></datafield><datafield ind1=" " ind2="0" tag="650"><subfield code="a">Chontal language</subfield><subfield code="x">Grammar.</subfield></datafield><datafield ind1=" " ind2=" " tag="035"><subfield code="a">(TxDaGIAL)37741100016261</subfield></datafield><controlfield tag="005">20080624155703.0</controlfield><controlfield tag="001">3602</controlfield><controlfield tag="003">TxDaGIAL</controlfield><datafield ind1=" " ind2=" " tag="852"><subfield code="p">37741100016261</subfield><subfield code="a">Library</subfield><subfield code="x">COPYID:4282</subfield><subfield code="x">FSC@aRegular@c19970328</subfield><subfield code="h">497.57 W326g 1958</subfield><subfield code="z">2304</subfield></datafield></record>