
<record><leader>00789nam a2200217 i 4500</leader><controlfield tag="008">900810s1969    ko       b    00000 eng d</controlfield><datafield ind1=" " ind2=" " tag="035"><subfield code="a">(CU-UC)4213227</subfield></datafield><datafield ind1=" " ind2=" " tag="040"><subfield code="c">CLU</subfield></datafield><datafield ind1="0" ind2="4" tag="245"><subfield code="a">The Grammatical structures of Korean and English :</subfield><subfield code="b">a contrastive analysis /</subfield><subfield code="c">by Chan-Ho Whang [and others.</subfield></datafield><datafield ind1="0" ind2=" " tag="260"><subfield code="a">Seoul] :</subfield><subfield code="b">Language Research Institute, Seoul National University,</subfield><subfield code="c">1969.</subfield></datafield><datafield ind1=" " ind2=" " tag="300"><subfield code="a">iv, 132 p. ;</subfield><subfield code="c">26 cm.</subfield></datafield><datafield ind1=" " ind2=" " tag="504"><subfield code="a">Bibliography: p. 130-132.</subfield></datafield><datafield ind1=" " ind2=" " tag="546"><subfield code="a">English.</subfield></datafield><datafield ind1=" " ind2="0" tag="650"><subfield code="a">Korean language</subfield><subfield code="x">Grammar, Comparative.</subfield></datafield><datafield ind1=" " ind2="0" tag="650"><subfield code="a">Korean language</subfield><subfield code="x">Grammar.</subfield></datafield><datafield ind1="1" ind2="0" tag="700"><subfield code="a">Whang, Chan-hjo.</subfield></datafield><datafield ind1=" " ind2=" " tag="035"><subfield code="a">(TxDaGIAL)37741100017648</subfield></datafield><controlfield tag="005">20080624155704.0</controlfield><controlfield tag="001">3603</controlfield><controlfield tag="003">TxDaGIAL</controlfield><datafield ind1=" " ind2=" " tag="852"><subfield code="p">37741100017648</subfield><subfield code="a">Library</subfield><subfield code="x">COPYID:4283</subfield><subfield code="x">FSC@aRegular@c19970515</subfield><subfield code="h">495.7521 W552t 1969</subfield><subfield code="z">3033</subfield></datafield></record>