
<record><leader>01006nam a2200241Ia 4500</leader><controlfield tag="008">860701s1962    ru            00000 rus d</controlfield><datafield ind1=" " ind2=" " tag="035"><subfield code="a">(CU-UC)5491592</subfield></datafield><datafield ind1=" " ind2=" " tag="040"><subfield code="a">NSA</subfield><subfield code="c">NSA</subfield></datafield><datafield ind1="0" ind2=" " tag="041"><subfield code="a">rustut</subfield></datafield><datafield ind1="1" ind2="0" tag="100"><subfield code="a">Bertagaev, T. A.</subfield><subfield code="q">(Trofim Alekseevich),</subfield><subfield code="d">1905-1976.</subfield></datafield><datafield ind1="1" ind2="0" tag="245"><subfield code="a">Grammatika bur&#65056;i&#65057;atskogo &#65056;i&#65057;azyka :</subfield><subfield code="b">sintaksis.</subfield></datafield><datafield ind1="0" ind2=" " tag="260"><subfield code="a">Moskva :</subfield><subfield code="b">Izd-vo vostochno&#301; lit-ry,</subfield><subfield code="c">1962.</subfield></datafield><datafield ind1=" " ind2=" " tag="300"><subfield code="a">316 p. ;</subfield><subfield code="c">23 cm.</subfield></datafield><datafield ind1=" " ind2=" " tag="500"><subfield code="a">At head of title: T.A. Bertagaev, &#65056;T&#65057;S.B. &#65056;T&#65057;Sydendambaev.</subfield></datafield><datafield ind1=" " ind2=" " tag="500"><subfield code="a">On leaf preceding t. p.: Akademi&#65056;i&#65057;a nauk SSSR.  Institut &#65056;i&#65057;azykoznani&#65056;i&#65057;a.  Institut narodov Azii.  Bur&#65056;i&#65057;atski&#301; kompleksny&#301; nauchnoissledovatel&#697;ski&#301; institut.</subfield></datafield><datafield ind1=" " ind2=" " tag="546"><subfield code="a">Russian.</subfield></datafield><datafield ind1=" " ind2="0" tag="650"><subfield code="a">Buriat language</subfield><subfield code="x">Syntax.</subfield></datafield><datafield ind1="1" ind2="0" tag="700"><subfield code="a">&#65056;T&#65057;Sydendambaev, &#65056;T&#65057;Sybikzhap Boboevich.</subfield></datafield><datafield ind1=" " ind2=" " tag="035"><subfield code="a">(TxDaGIAL)37741100018978</subfield></datafield><controlfield tag="005">20080624155704.0</controlfield><controlfield tag="001">3607</controlfield><controlfield tag="003">TxDaGIAL</controlfield><datafield ind1=" " ind2=" " tag="852"><subfield code="p">37741100018978</subfield><subfield code="a">Library</subfield><subfield code="x">COPYID:4288</subfield><subfield code="x">FSC@aRegular@c19970714</subfield><subfield code="h">494.2 B536g 1962</subfield></datafield></record>