
<record><leader>01174cam a2200313 a 4500</leader><controlfield tag="008">910206s1990    caua     b    000 0 eng d</controlfield><datafield ind1=" " ind2=" " tag="035"><subfield code="a">(CU-UC)dlaisn10726068</subfield></datafield><datafield ind1=" " ind2=" " tag="040"><subfield code="a">WIF</subfield><subfield code="c">WIF</subfield><subfield code="d">MNA</subfield><subfield code="d">CU-Riv</subfield></datafield><datafield ind1="1" ind2=" " tag="041"><subfield code="a">enghmn</subfield></datafield><datafield ind1="1" ind2=" " tag="100"><subfield code="a">Vang, Lue.</subfield></datafield><datafield ind1="1" ind2="0" tag="245"><subfield code="a">Grandmother's path, grandfather's way =</subfield><subfield code="b">Poj rhawv kab, yawg rhawv kev : oral lore, generation to generation /</subfield><subfield code="c">Lue Vang, Judy Lewis.</subfield></datafield><datafield ind1=" " ind2=" " tag="250"><subfield code="a">2nd ed.</subfield></datafield><datafield ind1=" " ind2=" " tag="260"><subfield code="a">Rancho Cordova, Calif. :</subfield><subfield code="b">Vang &amp; Lewis,</subfield><subfield code="c">1990.</subfield></datafield><datafield ind1=" " ind2=" " tag="265"><subfield code="a">Lue Vang and Judy Lewis, PO Box 423, Rancho Cordova, CA, 95741-0423.</subfield></datafield><datafield ind1=" " ind2=" " tag="300"><subfield code="a">xi, 190 p. :</subfield><subfield code="b">ill., map ;</subfield><subfield code="c">28 cm.</subfield></datafield><datafield ind1=" " ind2=" " tag="500"><subfield code="a">"Originally published under Zellerbach copyright."</subfield></datafield><datafield ind1=" " ind2=" " tag="500"><subfield code="a">In English and Hmong.</subfield></datafield><datafield ind1=" " ind2=" " tag="504"><subfield code="a">Includes bibliographical references.</subfield></datafield><datafield ind1=" " ind2=" " tag="546"><subfield code="a">English.</subfield></datafield><datafield ind1=" " ind2="0" tag="650"><subfield code="a">Folklore</subfield><subfield code="z">Golden Triangle (Southeastern Asia)</subfield></datafield><datafield ind1=" " ind2="0" tag="650"><subfield code="a">Hmong poetry.</subfield></datafield><datafield ind1=" " ind2="0" tag="650"><subfield code="a">Hmong language.</subfield></datafield><datafield ind1=" " ind2="0" tag="650"><subfield code="a">Needlework, Hmong.</subfield></datafield><datafield ind1="1" ind2=" " tag="700"><subfield code="a">Lewis, Judy.</subfield></datafield><datafield ind1=" " ind2=" " tag="035"><subfield code="a">(TxDaGIAL)37741100014395</subfield></datafield><controlfield tag="005">20080624155705.0</controlfield><controlfield tag="001">3611</controlfield><controlfield tag="003">TxDaGIAL</controlfield><datafield ind1=" " ind2=" " tag="852"><subfield code="p">37741100014395</subfield><subfield code="a">Library</subfield><subfield code="9">$0.00</subfield><subfield code="x">COPYID:4292</subfield><subfield code="x">FSC@aRegular@c19970116</subfield><subfield code="h">305.895942 V253g 1990</subfield><subfield code="z">Gift 9-92</subfield></datafield></record>