
<record><leader>01547cam a2200325 a 4500</leader><controlfield tag="008">870914s1988    dcua     db  f00010 eng  </controlfield><datafield ind1=" " ind2=" " tag="010"><subfield code="a">   87600364 //r89</subfield></datafield><datafield ind1=" " ind2=" " tag="040"><subfield code="a">DLC</subfield><subfield code="c">DLC</subfield><subfield code="d">TxDaGIAL</subfield></datafield><datafield ind1="0" ind2=" " tag="041"><subfield code="a">engmynspa</subfield></datafield><datafield ind1="0" ind2=" " tag="050"><subfield code="a">GN1</subfield><subfield code="b">.S54 no. 31a</subfield><subfield code="a">PM4466.Z5</subfield></datafield><datafield ind1="0" ind2=" " tag="082"><subfield code="a">497/.4</subfield><subfield code="a">301 s</subfield><subfield code="2">19</subfield></datafield><datafield ind1="0" ind2=" " tag="086"><subfield code="a">SI 1.33:31</subfield></datafield><datafield ind1="1" ind2="0" tag="100"><subfield code="a">Laughlin, Robert M.</subfield></datafield><datafield ind1="1" ind2="4" tag="245"><subfield code="a">The great Tzotzil dictionary of Santo Domingo Zinacant&#225;n :</subfield><subfield code="b">with grammatical analysis and historical commentary /</subfield><subfield code="c">Robert M. Laughlin with John B. Haviland.</subfield></datafield><datafield ind1="0" ind2=" " tag="260"><subfield code="a">Washington, D.C. :</subfield><subfield code="b">Smithsonian Institution Press,</subfield><subfield code="c">1988.</subfield></datafield><datafield ind1=" " ind2=" " tag="300"><subfield code="a">3 v. (xiii, 1119 p.) :</subfield><subfield code="b">ill., facsims. ;</subfield><subfield code="c">28 cm.</subfield></datafield><datafield ind1=" " ind2="0" tag="440"><subfield code="a">Smithsonian contributions to anthropology ;</subfield><subfield code="v">no. 31</subfield></datafield><datafield ind1=" " ind2=" " tag="504"><subfield code="a">Bibliography: v. 1, p. 346-356.</subfield></datafield><datafield ind1="0" ind2=" " tag="505"><subfield code="a">v. 1. Tzotzil-English -- v. 2. English-Tzotzil -- v. 3. Spanish-Tzotzil.</subfield></datafield><datafield ind1=" " ind2="0" tag="650"><subfield code="a">Tzotzil language</subfield><subfield code="v">Dictionaries</subfield><subfield code="x">English.</subfield></datafield><datafield ind1=" " ind2="0" tag="650"><subfield code="a">English language</subfield><subfield code="v">Dictionaries</subfield><subfield code="x">Tzotzil.</subfield></datafield><datafield ind1=" " ind2="0" tag="650"><subfield code="a">Spanish language</subfield><subfield code="v">Dictionaries</subfield><subfield code="x">Tzotzil.</subfield></datafield><datafield ind1="1" ind2="0" tag="700"><subfield code="a">Haviland, John Beard.</subfield></datafield><datafield ind1=" " ind2=" " tag="035"><subfield code="a">(TxDaGIAL)37741100011605</subfield></datafield><controlfield tag="005">20080624155706.0</controlfield><controlfield tag="001">3617</controlfield><controlfield tag="003">TxDaGIAL</controlfield><datafield ind1=" " ind2=" " tag="852"><subfield code="p">37741100011605</subfield><subfield code="a">Library</subfield><subfield code="9">$0.00</subfield><subfield code="x">COPYID:4298</subfield><subfield code="x">FSC@aRegular@c19971128</subfield><subfield code="h">497.41515 L374sd 1988 vol.1</subfield><subfield code="z">Publisher 2-89</subfield></datafield><datafield ind1=" " ind2=" " tag="852"><subfield code="p">37741100011606</subfield><subfield code="a">Library</subfield><subfield code="9">$0.00</subfield><subfield code="x">COPYID:4299</subfield><subfield code="x">FSC@aRegular@c19971128</subfield><subfield code="h">497.41515 L374sd 1988 vol.2</subfield><subfield code="z">Publisher 2-89</subfield></datafield><datafield ind1=" " ind2=" " tag="852"><subfield code="p">37741100011607</subfield><subfield code="a">Library</subfield><subfield code="9">$0.00</subfield><subfield code="x">COPYID:4300</subfield><subfield code="x">FSC@aRegular@c19971128</subfield><subfield code="h">497.41515 L374sd 1988 vol.3</subfield><subfield code="z">Exchange-Publisher 2-89</subfield></datafield></record>