
<record><leader>00925cam a2200241Ii 4500</leader><controlfield tag="008">720512r19731955ilu           000 0 eng  </controlfield><datafield ind1=" " ind2=" " tag="010"><subfield code="a">55005115 /L</subfield></datafield><datafield ind1=" " ind2=" " tag="040"><subfield code="a">DLC</subfield><subfield code="c">WSU</subfield><subfield code="d">OCL</subfield><subfield code="d">SER</subfield><subfield code="d">HCH</subfield></datafield><datafield ind1="0" ind2=" " tag="041"><subfield code="a">enggrc</subfield></datafield><datafield ind1="1" ind2=" " tag="100"><subfield code="a">Buck, Carl Darling,</subfield><subfield code="d">1866-1955.</subfield></datafield><datafield ind1="1" ind2="4" tag="245"><subfield code="a">The Greek dialects :</subfield><subfield code="b">grammar, selected inscriptions, glossary.</subfield></datafield><datafield ind1=" " ind2=" " tag="260"><subfield code="a">[Chicago] :</subfield><subfield code="b">University of Chicago Press,</subfield><subfield code="c">[1955]</subfield><subfield code="g">1973 reprint.</subfield></datafield><datafield ind1=" " ind2=" " tag="300"><subfield code="a">373 p. ;</subfield><subfield code="c">24 cm.</subfield></datafield><datafield ind1=" " ind2=" " tag="500"><subfield code="a">Revision and expansion of: Introduction to the study of the Greek dialects.</subfield></datafield><datafield ind1=" " ind2=" " tag="500"><subfield code="a">Midway reprint 1973.</subfield></datafield><datafield ind1=" " ind2="0" tag="650"><subfield code="a">Greek language</subfield><subfield code="x">Dialects.</subfield></datafield><datafield ind1=" " ind2="0" tag="650"><subfield code="a">Inscriptions, Greek.</subfield></datafield><datafield ind1="1" ind2="1" tag="700"><subfield code="a">Buck, Carl Darling,</subfield><subfield code="d">1866-1955.</subfield><subfield code="t">Introduction to the study of the Greek dialects.</subfield></datafield><datafield ind1=" " ind2=" " tag="035"><subfield code="a">(TxDaGIAL)37741100014331</subfield></datafield><controlfield tag="005">20080624155707.0</controlfield><controlfield tag="001">3624</controlfield><controlfield tag="003">TxDaGIAL</controlfield><datafield ind1=" " ind2=" " tag="852"><subfield code="p">37741100014331</subfield><subfield code="a">Library</subfield><subfield code="x">COPYID:4307</subfield><subfield code="x">FSC@aRegular@c19970102</subfield><subfield code="h">487 B922g 1973</subfield><subfield code="z">4458</subfield></datafield></record>