
<record><leader>01107cam a2200301 i 4500</leader><controlfield tag="008">800925s1979    at a     b    00010 eng  </controlfield><datafield ind1=" " ind2=" " tag="010"><subfield code="a">   80495609 //r942</subfield></datafield><datafield ind1=" " ind2=" " tag="015"><subfield code="a">Aus***</subfield></datafield><datafield ind1=" " ind2=" " tag="020"><subfield code="a">0858831910 :</subfield><subfield code="c">$16.00</subfield></datafield><datafield ind1=" " ind2=" " tag="040"><subfield code="a">DLC</subfield><subfield code="c">DLC</subfield><subfield code="d">DLC</subfield></datafield><datafield ind1="0" ind2=" " tag="041"><subfield code="a">engtpi</subfield></datafield><datafield ind1=" " ind2=" " tag="043"><subfield code="a">a-pp---</subfield></datafield><datafield ind1="0" ind2="0" tag="050"><subfield code="a">PM7891.Z9</subfield><subfield code="b">N456 1979</subfield></datafield><datafield ind1="0" ind2="0" tag="082"><subfield code="a">427/.995</subfield><subfield code="2">19</subfield></datafield><datafield ind1="1" ind2="0" tag="100"><subfield code="a">M&#252;hlh&#228;usler, Peter.</subfield></datafield><datafield ind1="1" ind2="0" tag="245"><subfield code="a">Growth and structure of the lexicon of New Guinea Pidgin /</subfield><subfield code="c">by Peter M&#252;hlh&#228;usler.</subfield></datafield><datafield ind1="0" ind2=" " tag="260"><subfield code="a">Canberra :</subfield><subfield code="b">Dept. of Linguistics, Research School of Pacific Studies, Australian National University,</subfield><subfield code="c">1979.</subfield></datafield><datafield ind1=" " ind2=" " tag="300"><subfield code="a">xx, 498 p. :</subfield><subfield code="b">ill. ;</subfield><subfield code="c">26 cm.</subfield></datafield><datafield ind1=" " ind2="0" tag="440"><subfield code="a">Pacific linguistics.</subfield><subfield code="n">Series C</subfield></datafield><datafield ind1=" " ind2=" " tag="500"><subfield code="a">A revision of the author's thesis, Australian National University.</subfield></datafield><datafield ind1=" " ind2=" " tag="504"><subfield code="a">Bibliography: p. 467-498.</subfield></datafield><datafield ind1=" " ind2="0" tag="650"><subfield code="a">Tok Pisin language</subfield><subfield code="x">Vocabulary.</subfield></datafield><datafield ind1=" " ind2="0" tag="650"><subfield code="a">Tok Pisin language</subfield><subfield code="x">History.</subfield></datafield><datafield ind1=" " ind2=" " tag="035"><subfield code="a">(TxDaGIAL)37741100011268</subfield></datafield><controlfield tag="005">20080624155711.0</controlfield><controlfield tag="001">3642</controlfield><controlfield tag="003">TxDaGIAL</controlfield><datafield ind1=" " ind2=" " tag="852"><subfield code="p">37741100011268</subfield><subfield code="a">Library</subfield><subfield code="x">COPYID:4332</subfield><subfield code="x">FSC@aRegular@c19960503</subfield><subfield code="h">427.9953 M945g 1979</subfield><subfield code="z">s.o. 6213</subfield></datafield></record>