
<record><leader>00802nam a2200241Ii 4500</leader><controlfield tag="008">790509s1942    fi a          00000 ger  </controlfield><datafield ind1=" " ind2=" " tag="010"><subfield code="a">   60057789</subfield></datafield><datafield ind1=" " ind2=" " tag="035"><subfield code="a">(CU-UC)dlaisn4819426</subfield></datafield><datafield ind1=" " ind2=" " tag="040"><subfield code="a">DLC</subfield><subfield code="c">CSJ</subfield><subfield code="d">m.c.</subfield><subfield code="d">CLU</subfield></datafield><datafield ind1=" " ind2=" " tag="050"><subfield code="a">PH1</subfield><subfield code="b">.S6 no.85</subfield></datafield><datafield ind1="1" ind2="0" tag="100"><subfield code="a">Posti, Lauri.</subfield></datafield><datafield ind1="1" ind2="0" tag="245"><subfield code="a">Grundz&#252;ge der livischen Lautgeschichte.</subfield></datafield><datafield ind1="0" ind2=" " tag="260"><subfield code="a">Helsinki :</subfield><subfield code="b">Suomalais-Ugrilainen Seura,</subfield><subfield code="c">1942.</subfield></datafield><datafield ind1=" " ind2=" " tag="300"><subfield code="a">xx, 328 p. :</subfield><subfield code="b">illus. ;</subfield><subfield code="c">25 cm.</subfield></datafield><datafield ind1=" " ind2="0" tag="440"><subfield code="a">Suomalais-ugrilaisen Seuran toimituksia ;</subfield><subfield code="v">85.</subfield></datafield><datafield ind1=" " ind2=" " tag="500"><subfield code="a">Issued also as thesis, Helsingfors.</subfield></datafield><datafield ind1=" " ind2=" " tag="546"><subfield code="a">German.</subfield></datafield><datafield ind1=" " ind2="0" tag="650"><subfield code="a">Livonian language</subfield><subfield code="x">Phonology.</subfield></datafield><datafield ind1=" " ind2=" " tag="035"><subfield code="a">(TxDaGIAL)37741100014706</subfield></datafield><controlfield tag="005">20080624155711.0</controlfield><controlfield tag="001">3644</controlfield><controlfield tag="003">TxDaGIAL</controlfield><datafield ind1=" " ind2=" " tag="852"><subfield code="p">37741100014706</subfield><subfield code="a">Library</subfield><subfield code="x">COPYID:4334</subfield><subfield code="x">FSC@aRegular@c19970127</subfield><subfield code="h">494.54 P858g 1942</subfield><subfield code="z">528</subfield></datafield></record>