
<record><leader>00823nam a2200241Ii 4500</leader><controlfield tag="008">740923 1956    xx            00010 eng u</controlfield><datafield ind1=" " ind2=" " tag="010"><subfield code="a">   56063840</subfield></datafield><datafield ind1=" " ind2=" " tag="035"><subfield code="a">(CU-UC)694770</subfield></datafield><datafield ind1=" " ind2=" " tag="040"><subfield code="c">KEN</subfield><subfield code="d">CLU</subfield></datafield><datafield ind1="0" ind2=" " tag="050"><subfield code="a">E51</subfield><subfield code="b">.U6 no.162</subfield><subfield code="a">PM3806.A75</subfield></datafield><datafield ind1="1" ind2="0" tag="100"><subfield code="a">Alphonse Reid, Ephraim S.,</subfield><subfield code="d">1896-</subfield></datafield><datafield ind1="1" ind2="0" tag="245"><subfield code="a">Guaym&#237; grammar and dictionary, with some ethnological notes.</subfield></datafield><datafield ind1="0" ind2=" " tag="260"><subfield code="a">Washington :</subfield><subfield code="b">U.S. Govt. Print. Off.,</subfield><subfield code="c">1956.</subfield></datafield><datafield ind1=" " ind2=" " tag="300"><subfield code="a">ix, 128 p. ;</subfield><subfield code="c">24 cm.</subfield></datafield><datafield ind1=" " ind2="0" tag="440"><subfield code="a">Smithsonian institution.</subfield><subfield code="p">Bureau of American Ethnology ;</subfield><subfield code="v">bulletin 162</subfield></datafield><datafield ind1=" " ind2=" " tag="546"><subfield code="a">English.</subfield></datafield><datafield ind1=" " ind2="0" tag="650"><subfield code="a">Guaymi language.</subfield></datafield><datafield ind1=" " ind2="0" tag="650"><subfield code="a">Guaymi Indians.</subfield></datafield><datafield ind1=" " ind2=" " tag="035"><subfield code="a">(TxDaGIAL)37741100018229</subfield></datafield><controlfield tag="005">20080624155713.0</controlfield><controlfield tag="001">3652</controlfield><controlfield tag="003">TxDaGIAL</controlfield><datafield ind1=" " ind2=" " tag="852"><subfield code="p">37741100018229</subfield><subfield code="a">Library</subfield><subfield code="x">COPYID:4344</subfield><subfield code="x">FSC@aRegular@c19970605</subfield><subfield code="h">306.05 S664b 162 1956</subfield><subfield code="z">1782</subfield></datafield></record>