
<record><leader>00864nam a2200253 i 4500</leader><controlfield tag="008">800723r19821979nju      bd   00110 eng  </controlfield><datafield ind1=" " ind2=" " tag="010"><subfield code="a">   80113237</subfield></datafield><datafield ind1=" " ind2=" " tag="020"><subfield code="a">0930878132</subfield></datafield><datafield ind1=" " ind2=" " tag="040"><subfield code="a">DLC</subfield><subfield code="c">DLC</subfield><subfield code="d">TxDaGIAL</subfield></datafield><datafield ind1="0" ind2=" " tag="050"><subfield code="a">PL935</subfield><subfield code="b">.G7</subfield></datafield><datafield ind1="0" ind2=" " tag="082"><subfield code="a">495.7/11</subfield><subfield code="2">19</subfield></datafield><datafield ind1="1" ind2="0" tag="100"><subfield code="a">Grant, Bruce K.</subfield></datafield><datafield ind1="1" ind2="2" tag="245"><subfield code="a">A guide to Korean characters :</subfield><subfield code="b">reading and writing Hang&#365;l and Hanja /</subfield><subfield code="c">by Bruce K. Grant.</subfield></datafield><datafield ind1="0" ind2=" " tag="260"><subfield code="a">Elizabeth, N.J. :</subfield><subfield code="b">Hollym International Corp.,</subfield><subfield code="c">1979.</subfield></datafield><datafield ind1=" " ind2=" " tag="300"><subfield code="a">367 p. ;</subfield><subfield code="c">23 cm.</subfield></datafield><datafield ind1=" " ind2=" " tag="504"><subfield code="a">Bibliography: p. 367.</subfield></datafield><datafield ind1=" " ind2=" " tag="500"><subfield code="a">Includes indexes.</subfield></datafield><datafield ind1=" " ind2="0" tag="650"><subfield code="a">Chinese characters</subfield><subfield code="v">Dictionaries</subfield><subfield code="x">Korean.</subfield></datafield><datafield ind1=" " ind2="0" tag="650"><subfield code="a">Korean language</subfield><subfield code="x">Alphabet.</subfield></datafield><datafield ind1=" " ind2=" " tag="035"><subfield code="a">(TxDaGIAL)37741100009355</subfield></datafield><controlfield tag="005">20080624155717.0</controlfield><controlfield tag="001">3668</controlfield><controlfield tag="003">TxDaGIAL</controlfield><datafield ind1=" " ind2=" " tag="852"><subfield code="p">37741100009355</subfield><subfield code="a">Library</subfield><subfield code="9">$22.50</subfield><subfield code="x">COPYID:4365</subfield><subfield code="x">FSC@aRegular@c19951108</subfield><subfield code="h">495.711 G761g 1982</subfield><subfield code="z">B/T 2-90</subfield></datafield></record>