
<record><leader>01023nam a2200301 a 4500</leader><controlfield tag="008">940908s1995    ilua     b    000 0 eng d</controlfield><datafield ind1=" " ind2=" " tag="010"><subfield code="a">   94065934</subfield></datafield><datafield ind1=" " ind2=" " tag="015"><subfield code="a">GB96-1515</subfield></datafield><datafield ind1=" " ind2=" " tag="020"><subfield code="a">0844237752</subfield></datafield><datafield ind1=" " ind2=" " tag="035"><subfield code="a">(OCoLC)34026646</subfield></datafield><datafield ind1=" " ind2=" " tag="040"><subfield code="a">Uk</subfield><subfield code="c">Uk</subfield><subfield code="d">IU</subfield><subfield code="d">DLC</subfield></datafield><datafield ind1="0" ind2=" " tag="041"><subfield code="a">engguj</subfield></datafield><datafield ind1=" " ind2=" " tag="042"><subfield code="a">lccopycat</subfield></datafield><datafield ind1="0" ind2="0" tag="050"><subfield code="a">PK1843</subfield><subfield code="b">.D98 1995</subfield></datafield><datafield ind1="0" ind2="0" tag="082"><subfield code="a">491.4/782421</subfield><subfield code="2">21</subfield></datafield><datafield ind1="1" ind2=" " tag="100"><subfield code="a">Dwyer, Rachel.</subfield></datafield><datafield ind1="1" ind2="0" tag="245"><subfield code="a">Gujarati :</subfield><subfield code="b">a complete course for beginners /</subfield><subfield code="c">Rachel Dwyer.</subfield></datafield><datafield ind1=" " ind2=" " tag="260"><subfield code="a">Lincolnwood (Chicago), Ill. :</subfield><subfield code="b">NTC Pub. Group,</subfield><subfield code="c">c1995.</subfield></datafield><datafield ind1=" " ind2=" " tag="300"><subfield code="a">vii, 376 p. :</subfield><subfield code="b">ill., map ;</subfield><subfield code="c">20 cm.</subfield></datafield><datafield ind1=" " ind2="0" tag="440"><subfield code="a">Teach yourself books</subfield></datafield><datafield ind1=" " ind2=" " tag="504"><subfield code="a">Includes bibliographical references (p. 6-9).</subfield></datafield><datafield ind1=" " ind2="0" tag="650"><subfield code="a">Gujarati language</subfield><subfield code="x">Textbooks for English speakers.</subfield></datafield><datafield ind1=" " ind2="0" tag="650"><subfield code="a">Gujarati language</subfield><subfield code="x">Self-instruction.</subfield></datafield><datafield ind1=" " ind2=" " tag="035"><subfield code="a">(TxDaGIAL)37741100014839</subfield></datafield><controlfield tag="005">20080624155722.0</controlfield><controlfield tag="001">3694</controlfield><controlfield tag="003">TxDaGIAL</controlfield><datafield ind1=" " ind2=" " tag="852"><subfield code="p">37741100014839</subfield><subfield code="a">Library</subfield><subfield code="9">$14.75</subfield><subfield code="x">FUND:Ling</subfield><subfield code="x">COPYID:4398</subfield><subfield code="x">FSC@aRegular@c19970129</subfield><subfield code="h">491.471 D993g 1995</subfield><subfield code="z">B/T 1-97</subfield></datafield></record>