
<record><leader>00677nam a2200193Ii 4500</leader><controlfield tag="008">830216s1963    enka          00000 crp d</controlfield><datafield ind1=" " ind2=" " tag="035"><subfield code="a">(CU-UC)2963766</subfield></datafield><datafield ind1=" " ind2=" " tag="040"><subfield code="a">HUH</subfield><subfield code="c">HUH</subfield><subfield code="d">CLU</subfield></datafield><datafield ind1="0" ind2="0" tag="130"><subfield code="a">Bible.</subfield><subfield code="p">N.T.</subfield><subfield code="p">Gospels.</subfield><subfield code="l">Tok Pisin.</subfield><subfield code="f">1963.</subfield></datafield><datafield ind1="1" ind2="0" tag="245"><subfield code="a">Gutnius bilong Jisas Kraist :</subfield><subfield code="b">Matiu, Mak, Luk, Jon, i Raitim.</subfield></datafield><datafield ind1="0" ind2=" " tag="260"><subfield code="a">London :</subfield><subfield code="b">British and Foreign Bible Society,</subfield><subfield code="c">1963.</subfield></datafield><datafield ind1=" " ind2=" " tag="300"><subfield code="a">311 p. :</subfield><subfield code="b">illus. ;</subfield><subfield code="c">18 cm.</subfield></datafield><datafield ind1=" " ind2=" " tag="546"><subfield code="a">Creoles-Pidgins.</subfield></datafield><datafield ind1=" " ind2="0" tag="650"><subfield code="a">Tok Pisin language</subfield><subfield code="v">Texts.</subfield></datafield><datafield ind1=" " ind2=" " tag="035"><subfield code="a">(TxDaGIAL)37741100017190</subfield></datafield><controlfield tag="005">20080624155722.0</controlfield><controlfield tag="001">3696</controlfield><controlfield tag="003">TxDaGIAL</controlfield><datafield ind1=" " ind2=" " tag="852"><subfield code="p">37741100017190</subfield><subfield code="a">Library</subfield><subfield code="x">COPYID:4400</subfield><subfield code="x">FSC@aRegular@c19970430</subfield><subfield code="h">226.05279 B582g 1963</subfield><subfield code="z">7437</subfield></datafield></record>