
<record><leader>01234cam a2200337 a 4500</leader><controlfield tag="008">870202s1987    waua     b   s000 0 eng  </controlfield><datafield ind1=" " ind2=" " tag="010"><subfield code="a">   87002164 //r94</subfield></datafield><datafield ind1=" " ind2=" " tag="020"><subfield code="a">0295964944 :</subfield><subfield code="c">$35.00</subfield></datafield><datafield ind1=" " ind2=" " tag="020"><subfield code="a">0295964952 (pbk.) :</subfield><subfield code="c">$17.50</subfield></datafield><datafield ind1=" " ind2=" " tag="040"><subfield code="a">DLC</subfield><subfield code="c">DLC</subfield><subfield code="d">DLC</subfield></datafield><datafield ind1="0" ind2=" " tag="041"><subfield code="a">engtli</subfield></datafield><datafield ind1=" " ind2=" " tag="043"><subfield code="a">n-us-ak</subfield></datafield><datafield ind1="0" ind2="0" tag="050"><subfield code="a">E99.T6</subfield><subfield code="b">H22 1987</subfield></datafield><datafield ind1="0" ind2="0" tag="082"><subfield code="a">398.2/089970798</subfield><subfield code="2">19</subfield></datafield><datafield ind1="0" ind2="0" tag="245"><subfield code="a">Haa shuk&#225;, our ancestors :</subfield><subfield code="b">Tlingit oral narratives /</subfield><subfield code="c">edited by Nora Marks Dauenhauer and Richard Dauenhauer.</subfield></datafield><datafield ind1="0" ind2=" " tag="260"><subfield code="a">Seattle :</subfield><subfield code="b">University of Washington Press ;</subfield><subfield code="a">Juneau :</subfield><subfield code="b">Sealaska Heritage Foundation,</subfield><subfield code="c">c1987.</subfield></datafield><datafield ind1=" " ind2=" " tag="300"><subfield code="a">xvi, 514 p. :</subfield><subfield code="b">ill., map, ports. ;</subfield><subfield code="c">24 cm.</subfield></datafield><datafield ind1=" " ind2="0" tag="440"><subfield code="a">Classics of Tlingit oral literature ;</subfield><subfield code="v">v. 1</subfield></datafield><datafield ind1=" " ind2=" " tag="500"><subfield code="a">English and Tlingit.</subfield></datafield><datafield ind1=" " ind2=" " tag="504"><subfield code="a">Bibliography: p. 511-514.</subfield></datafield><datafield ind1=" " ind2="0" tag="650"><subfield code="a">Tlingit Indians</subfield><subfield code="v">Folklore.</subfield></datafield><datafield ind1=" " ind2="0" tag="650"><subfield code="a">Tlingit Indians</subfield><subfield code="x">Religion.</subfield></datafield><datafield ind1=" " ind2="0" tag="650"><subfield code="a">Tlingit mythology.</subfield></datafield><datafield ind1=" " ind2="0" tag="650"><subfield code="a">Tlingit language</subfield><subfield code="v">Texts.</subfield></datafield><datafield ind1="1" ind2="0" tag="700"><subfield code="a">Dauenhauer, Nora.</subfield></datafield><datafield ind1="1" ind2="0" tag="700"><subfield code="a">Dauenhauer, Richard.</subfield></datafield><datafield ind1=" " ind2=" " tag="035"><subfield code="a">(TxDaGIAL)37741100009791</subfield></datafield><controlfield tag="005">20080624155723.0</controlfield><controlfield tag="001">3699</controlfield><controlfield tag="003">TxDaGIAL</controlfield><datafield ind1=" " ind2=" " tag="852"><subfield code="p">37741100009791</subfield><subfield code="a">Library</subfield><subfield code="9">$17.50</subfield><subfield code="x">COPYID:4403</subfield><subfield code="x">FSC@aRegular@c19951124</subfield><subfield code="h">398.208997 H111d 1987</subfield><subfield code="z">B/T 5-92</subfield></datafield></record>