
<record><leader>01319cam a2200361 a 4500</leader><controlfield tag="008">900726s1990    waua     b   s000 0 eng  </controlfield><datafield ind1=" " ind2=" " tag="010"><subfield code="a">   90043234 //r94</subfield></datafield><datafield ind1=" " ind2=" " tag="020"><subfield code="a">0295968494</subfield></datafield><datafield ind1=" " ind2=" " tag="020"><subfield code="a">0295968508 (pbk.)</subfield></datafield><datafield ind1=" " ind2=" " tag="040"><subfield code="a">DLC</subfield><subfield code="c">DLC</subfield><subfield code="d">DLC</subfield></datafield><datafield ind1="0" ind2=" " tag="041"><subfield code="a">engtli</subfield></datafield><datafield ind1=" " ind2=" " tag="043"><subfield code="a">n-us-ak</subfield></datafield><datafield ind1="0" ind2="0" tag="050"><subfield code="a">E99.T6</subfield><subfield code="b">H23 1990</subfield></datafield><datafield ind1="0" ind2="0" tag="082"><subfield code="a">897/.2</subfield><subfield code="2">20</subfield></datafield><datafield ind1="0" ind2="0" tag="245"><subfield code="a">Haa tuwun&#225;agu y&#237;s, for healing our spirit :</subfield><subfield code="b">Tlingit oratory /</subfield><subfield code="c">edited by Nora Marks Dauenhauer and Richard Dauenhauer.</subfield></datafield><datafield ind1="0" ind2=" " tag="260"><subfield code="a">Seattle :</subfield><subfield code="b">University of Washington Press ;</subfield><subfield code="a">Juneau :</subfield><subfield code="b">Sealaska Heritage Foundation,</subfield><subfield code="c">c1990.</subfield></datafield><datafield ind1=" " ind2=" " tag="300"><subfield code="a">xxxv, 569 p. :</subfield><subfield code="b">ill. ;</subfield><subfield code="c">24 cm.</subfield></datafield><datafield ind1=" " ind2="0" tag="440"><subfield code="a">Classics of Tlingit oral literature ;</subfield><subfield code="v">v. 2</subfield></datafield><datafield ind1=" " ind2=" " tag="500"><subfield code="a">English and Tlingit.</subfield></datafield><datafield ind1=" " ind2=" " tag="504"><subfield code="a">Includes bibliographical references (p. 559-569).</subfield></datafield><datafield ind1=" " ind2="0" tag="650"><subfield code="a">Speeches, addresses, etc., Tlingit.</subfield></datafield><datafield ind1=" " ind2="0" tag="650"><subfield code="a">Tlingit Indians</subfield><subfield code="x">Religion.</subfield></datafield><datafield ind1=" " ind2="0" tag="650"><subfield code="a">Tlingit mythology.</subfield></datafield><datafield ind1=" " ind2="0" tag="650"><subfield code="a">Tlingit Indians</subfield><subfield code="x">Rites and ceremonies.</subfield></datafield><datafield ind1=" " ind2="0" tag="650"><subfield code="a">Tlingit language</subfield><subfield code="v">Texts.</subfield></datafield><datafield ind1="1" ind2="0" tag="700"><subfield code="a">Dauenhauer, Nora.</subfield></datafield><datafield ind1="1" ind2="0" tag="700"><subfield code="a">Dauenhauer, Richard.</subfield></datafield><datafield ind1="0" ind2="1" tag="740"><subfield code="a">Tlingit oratory.</subfield></datafield><datafield ind1=" " ind2=" " tag="035"><subfield code="a">(TxDaGIAL)37741100009571</subfield></datafield><controlfield tag="005">20080624155724.0</controlfield><controlfield tag="001">3700</controlfield><controlfield tag="003">TxDaGIAL</controlfield><datafield ind1=" " ind2=" " tag="852"><subfield code="p">37741100009571</subfield><subfield code="a">Library</subfield><subfield code="9">$17.50</subfield><subfield code="x">COPYID:4404</subfield><subfield code="x">FSC@aRegular@c19951114</subfield><subfield code="h">897.2 H111d 1990</subfield><subfield code="z">B/T 4-92</subfield></datafield></record>