
<record><leader>01095cam a2200253Ii 4500</leader><controlfield tag="008">760709s1949    ag       b    00100 spam </controlfield><datafield ind1=" " ind2=" " tag="010"><subfield code="a">   50000564</subfield></datafield><datafield ind1=" " ind2=" " tag="035"><subfield code="a">(CU-UC)dlaisn2462462</subfield></datafield><datafield ind1=" " ind2=" " tag="040"><subfield code="a">DLC</subfield><subfield code="c">LRU</subfield><subfield code="d">m/c</subfield></datafield><datafield ind1="0" ind2=" " tag="050"><subfield code="a">PC4874.S3</subfield><subfield code="b">V5</subfield></datafield><datafield ind1="1" ind2="0" tag="100"><subfield code="a">Vidal de Battini, Berta Elena,</subfield><subfield code="d">1900-</subfield></datafield><datafield ind1="1" ind2="3" tag="245"><subfield code="a">El habla rural de San Luis.</subfield></datafield><datafield ind1="0" ind2=" " tag="260"><subfield code="a">Buenos Aires,</subfield><subfield code="c">1949-</subfield></datafield><datafield ind1=" " ind2=" " tag="300"><subfield code="a">v. :</subfield><subfield code="b">fold. col. map. ;</subfield><subfield code="c">24 cm.</subfield></datafield><datafield ind1="1" ind2=" " tag="490"><subfield code="a">Universidad de Buenos Aires. Facultad de Filosof&#237;a y Letras. Instituto de Filolog&#237;a. Biblioteca de dialectolog&#237;a hispano-americana, 7-</subfield></datafield><datafield ind1="1" ind2=" " tag="505"><subfield code="a">1. Fon&#233;tica, morfolog&#237;a, sintaxis.  Bibliograf&#237;a y abreviaturas bibliogr&#225;ficas (p. [xi]-xx)</subfield></datafield><datafield ind1=" " ind2=" " tag="546"><subfield code="a">Spanish.</subfield></datafield><datafield ind1=" " ind2="0" tag="650"><subfield code="a">Spanish language</subfield><subfield code="x">Dialects</subfield><subfield code="z">San Luis, Argentine Republic (Province)</subfield></datafield><datafield ind1="1" ind2=" " tag="810"><subfield code="a">Buenos Aires.</subfield><subfield code="b">Universidad.</subfield><subfield code="b">Instituto de Filolog&#237;a</subfield><subfield code="t">Biblioteca de dialectolog&#237;a hispanoamericana ;</subfield><subfield code="v">7.</subfield></datafield><datafield ind1=" " ind2=" " tag="035"><subfield code="a">(TxDaGIAL)37741100014659</subfield></datafield><controlfield tag="005">20080624155725.0</controlfield><controlfield tag="001">3703</controlfield><controlfield tag="003">TxDaGIAL</controlfield><datafield ind1=" " ind2=" " tag="852"><subfield code="p">37741100014659</subfield><subfield code="a">Library</subfield><subfield code="x">COPYID:4407</subfield><subfield code="x">FSC@aRegular@c19970124</subfield><subfield code="h">467.982 V648h 1949</subfield><subfield code="z">2220</subfield></datafield></record>