
<record><leader>00613nam a2200181 a 4500</leader><controlfield tag="008">971114s1964    mx            000 0 eng d</controlfield><datafield ind1=" " ind2=" " tag="040"><subfield code="a">TxDaGIAL</subfield><subfield code="c">TxDaGIAL</subfield></datafield><datafield ind1="0" ind2=" " tag="041"><subfield code="a">spamyn</subfield></datafield><datafield ind1=" " ind2=" " tag="094"><subfield code="a">chf00</subfield><subfield code="2">ROPAL</subfield></datafield><datafield ind1="0" ind2="0" tag="245"><subfield code="a">Hablemos Espa&#241;ol y Chontal :</subfield><subfield code="b">en el idioma chontal de Tabasco y en espa&#241;ol.</subfield></datafield><datafield ind1=" " ind2=" " tag="260"><subfield code="a">Mexico, D.F. :</subfield><subfield code="b">Instituto Linguistico de Verano,</subfield><subfield code="c">1964.</subfield></datafield><datafield ind1=" " ind2=" " tag="300"><subfield code="a">139 p. :</subfield><subfield code="b">ill. ;</subfield><subfield code="c">23 cm.</subfield></datafield><datafield ind1=" " ind2="0" tag="650"><subfield code="a">Chontal language.</subfield></datafield><datafield ind1=" " ind2=" " tag="035"><subfield code="a">(TxDaGIAL)37741100021832</subfield></datafield><controlfield tag="005">20080624155725.0</controlfield><controlfield tag="001">3704</controlfield><controlfield tag="003">TxDaGIAL</controlfield><datafield ind1=" " ind2=" " tag="852"><subfield code="p">37741100021832</subfield><subfield code="a">Library</subfield><subfield code="x">COPYID:4408</subfield><subfield code="x">FSC@aRegular@c19971114</subfield><subfield code="h">497.41514 H116 1964</subfield></datafield></record>