
<record><leader>00758nam a2200205 i 4500</leader><controlfield tag="008">970116s1978    txu           000 0 eng d</controlfield><datafield ind1=" " ind2=" " tag="040"><subfield code="a">TxDaGIAL</subfield><subfield code="c">TxDaGIAL</subfield></datafield><datafield ind1="1" ind2=" " tag="100"><subfield code="a">Allen, Jerry.</subfield></datafield><datafield ind1="1" ind2="0" tag="245"><subfield code="a">Halia verb morphology :</subfield><subfield code="b">from morpheme to discourse /</subfield><subfield code="c">by Gerald Norman Allen.</subfield></datafield><datafield ind1=" " ind2=" " tag="260"><subfield code="c">1978.</subfield></datafield><datafield ind1=" " ind2=" " tag="300"><subfield code="a">ix, 99 leaves ;</subfield><subfield code="c">30 cm.</subfield></datafield><datafield ind1=" " ind2=" " tag="502"><subfield code="a">Thesis (M.A.)--University of Texas at Arlington, 1978.</subfield></datafield><datafield ind1=" " ind2=" " tag="504"><subfield code="a">Bibliography: leaves 94-97.</subfield></datafield><datafield ind1=" " ind2="0" tag="650"><subfield code="a">Halia language</subfield><subfield code="x">Verbs.</subfield></datafield><datafield ind1="2" ind2="0" tag="610"><subfield code="a">University of Texas at Arlington.</subfield><subfield code="b">Graduate School</subfield><subfield code="x">Thesis.</subfield></datafield><datafield ind1=" " ind2=" " tag="035"><subfield code="a">(TxDaGIAL)37741100014508</subfield></datafield><controlfield tag="005">20080624155727.0</controlfield><controlfield tag="001">3711</controlfield><controlfield tag="003">TxDaGIAL</controlfield><datafield ind1=" " ind2=" " tag="852"><subfield code="p">37741100014508</subfield><subfield code="a">Library</subfield><subfield code="9">$0.00</subfield><subfield code="x">COPYID:4416</subfield><subfield code="x">FSC@aRegular@c19961017</subfield><subfield code="h">499.5389 A425hv 1978</subfield><subfield code="z">author gift</subfield></datafield></record>