
<record><leader>01170nam a2200289 a 4500</leader><controlfield tag="008">860109s1985    at a     b    00100 eng  </controlfield><datafield ind1=" " ind2=" " tag="010"><subfield code="a">   86102701</subfield></datafield><datafield ind1=" " ind2=" " tag="020"><subfield code="a">0858833212</subfield></datafield><datafield ind1=" " ind2=" " tag="040"><subfield code="a">DLC</subfield><subfield code="c">DLC</subfield><subfield code="d">TxDaGIAL</subfield></datafield><datafield ind1="0" ind2=" " tag="041"><subfield code="a">engtpi</subfield></datafield><datafield ind1="0" ind2=" " tag="050"><subfield code="a">PM7891.Z9</subfield><subfield code="b">N443 1985</subfield></datafield><datafield ind1="0" ind2=" " tag="082"><subfield code="a">427/.9953</subfield><subfield code="2">19</subfield></datafield><datafield ind1="0" ind2="0" tag="245"><subfield code="a">Handbook of Tok Pisin (New Guinea Pidgin) /</subfield><subfield code="c">S.A. Wurm, P. M&#252;hl&#228;usler, eds.</subfield></datafield><datafield ind1="0" ind2=" " tag="260"><subfield code="a">Canberra, A.C.T., Australia :</subfield><subfield code="b">Dept. of Linguistics, Research School of Pacific Studies, Australian National University,</subfield><subfield code="c">1985.</subfield></datafield><datafield ind1=" " ind2=" " tag="300"><subfield code="a">iv, 725, 21 p. :</subfield><subfield code="b">ill. ;</subfield><subfield code="c">26 cm.</subfield></datafield><datafield ind1=" " ind2="0" tag="440"><subfield code="a">Pacific linguistics.</subfield><subfield code="n">Series C ;</subfield><subfield code="v">no. 70</subfield></datafield><datafield ind1=" " ind2="0" tag="440"><subfield code="a">Languages for intercultural communication in the Pacific area project of the Australian Academy of the Humanities ;</subfield><subfield code="v">publication no. 1</subfield></datafield><datafield ind1=" " ind2=" " tag="504"><subfield code="a">Bibliography: p. 669-704.</subfield></datafield><datafield ind1=" " ind2=" " tag="500"><subfield code="a">Includes index.</subfield></datafield><datafield ind1=" " ind2="0" tag="650"><subfield code="a">Tok Pisin language.</subfield></datafield><datafield ind1="1" ind2="0" tag="700"><subfield code="a">Wurm, S. A.</subfield><subfield code="q">(Stephen Adolphe),</subfield><subfield code="d">1922-</subfield></datafield><datafield ind1="1" ind2="0" tag="700"><subfield code="a">M&#252;hl&#228;usler, P.</subfield></datafield><datafield ind1=" " ind2=" " tag="035"><subfield code="a">(TxDaGIAL)37741100011278</subfield></datafield><controlfield tag="005">20080624155740.0</controlfield><controlfield tag="001">3758</controlfield><controlfield tag="003">TxDaGIAL</controlfield><datafield ind1=" " ind2=" " tag="852"><subfield code="p">37741100011278</subfield><subfield code="a">Library</subfield><subfield code="x">COPYID:4481</subfield><subfield code="x">FSC@aRegular@c19960503</subfield><subfield code="h">427.9953 W968h 1985</subfield><subfield code="z">s.o. 11465</subfield></datafield></record>