
<record><leader>01145cam a2200277Ii 4500</leader><controlfield tag="008">740430s1963    dcu          f00000 engm </controlfield><datafield ind1=" " ind2=" " tag="010"><subfield code="a">   63061996</subfield></datafield><datafield ind1=" " ind2=" " tag="035"><subfield code="a">(CU-UC)dlaisn2467139</subfield></datafield><datafield ind1=" " ind2=" " tag="040"><subfield code="a">DLC</subfield><subfield code="c">MRC</subfield><subfield code="d">SER</subfield><subfield code="d">m.c.</subfield><subfield code="d">m/c</subfield></datafield><datafield ind1="0" ind2=" " tag="050"><subfield code="a">PL8232</subfield><subfield code="b">.U6</subfield></datafield><datafield ind1="2" ind2="0" tag="110"><subfield code="a">Foreign Service Institute (U.S.)</subfield></datafield><datafield ind1="1" ind2="0" tag="245"><subfield code="a">Hausa :</subfield><subfield code="b">basic course /</subfield><subfield code="c">[by] Carleton T. Hodge and Ibrahim Umaru.</subfield></datafield><datafield ind1="0" ind2=" " tag="260"><subfield code="a">Washington :</subfield><subfield code="b">Dept. of State; [for sale by the Superintendent of Documents, U.S. Govt. Print. Off.],</subfield><subfield code="c">1963.</subfield></datafield><datafield ind1=" " ind2=" " tag="300"><subfield code="a">xx, 399 p. ;</subfield><subfield code="c">27 cm.</subfield></datafield><datafield ind1="1" ind2=" " tag="490"><subfield code="a">Foreign Service Institute (U.S.)</subfield><subfield code="t">Basic course series.</subfield></datafield><datafield ind1=" " ind2=" " tag="500"><subfield code="a">"Compiled and published with the support of the Office of Education, Department of Health, Education, and Welfare."</subfield></datafield><datafield ind1=" " ind2=" " tag="546"><subfield code="a">English.</subfield></datafield><datafield ind1=" " ind2="0" tag="650"><subfield code="a">Hausa language</subfield><subfield code="x">Grammar.</subfield></datafield><datafield ind1="1" ind2="0" tag="700"><subfield code="a">Umaru, Ibrahim.</subfield></datafield><datafield ind1="1" ind2="0" tag="700"><subfield code="a">Hodge, C. T.</subfield><subfield code="q">(Carleton Taylor),</subfield><subfield code="d">1917-</subfield></datafield><datafield ind1="1" ind2=" " tag="810"><subfield code="a">Foreign Service Institute (U.S.)</subfield><subfield code="t">Basic course series.</subfield></datafield><datafield ind1=" " ind2=" " tag="035"><subfield code="a">(TxDaGIAL)37741100014707</subfield></datafield><controlfield tag="005">20080624155749.0</controlfield><controlfield tag="001">3788</controlfield><controlfield tag="003">TxDaGIAL</controlfield><datafield ind1=" " ind2=" " tag="852"><subfield code="p">37741100014707</subfield><subfield code="a">Library</subfield><subfield code="x">COPYID:4521</subfield><subfield code="x">FSC@aRegular@c19970127</subfield><subfield code="h">493.72 H688h 1963</subfield><subfield code="z">12566</subfield></datafield></record>