
<record><leader>00834nam a2200229 i 4500</leader><controlfield tag="008">740426s1973    caua          00010 eng  </controlfield><datafield ind1=" " ind2=" " tag="010"><subfield code="a">   74163573</subfield></datafield><datafield ind1=" " ind2=" " tag="020"><subfield code="a">0520020677 :</subfield><subfield code="c">$15.00</subfield></datafield><datafield ind1=" " ind2=" " tag="040"><subfield code="a">DLC</subfield><subfield code="c">DLC</subfield><subfield code="d">TxDaGIAL</subfield></datafield><datafield ind1="0" ind2=" " tag="041"><subfield code="a">enghau</subfield></datafield><datafield ind1="0" ind2=" " tag="050"><subfield code="a">PL8232</subfield><subfield code="b">.K72</subfield></datafield><datafield ind1=" " ind2=" " tag="082"><subfield code="a">493/.72/86421</subfield></datafield><datafield ind1="1" ind2="0" tag="100"><subfield code="a">Kraft, Charles H.,</subfield><subfield code="e">comp.</subfield></datafield><datafield ind1="1" ind2="2" tag="245"><subfield code="a">A Hausa reader :</subfield><subfield code="b">cultural materials with helps for use in teaching intermediate and advanced Hausa /</subfield><subfield code="c">collected and edited by Charles H. Kraft.</subfield></datafield><datafield ind1="0" ind2=" " tag="260"><subfield code="a">Berkeley :</subfield><subfield code="b">University of California Press,</subfield><subfield code="c">1973.</subfield></datafield><datafield ind1=" " ind2=" " tag="300"><subfield code="a">xiv, 510 p. :</subfield><subfield code="b">illus. ;</subfield><subfield code="c">28 cm.</subfield></datafield><datafield ind1=" " ind2="0" tag="650"><subfield code="a">Hausa language</subfield><subfield code="v">Readers.</subfield></datafield><datafield ind1=" " ind2=" " tag="035"><subfield code="a">(TxDaGIAL)37741100007602</subfield></datafield><controlfield tag="005">20080624155749.0</controlfield><controlfield tag="001">3790</controlfield><controlfield tag="003">TxDaGIAL</controlfield><datafield ind1=" " ind2=" " tag="852"><subfield code="p">37741100007602</subfield><subfield code="a">Library</subfield><subfield code="x">COPYID:4523</subfield><subfield code="x">FSC@aRegular@c19950906</subfield><subfield code="h">493.7286421 K89h 1973</subfield><subfield code="z">1746</subfield></datafield></record>