
<record><leader>01110nam a22002771i 4500</leader><controlfield tag="008">690214s1968    wiu      b    00000 eng  </controlfield><datafield ind1=" " ind2=" " tag="010"><subfield code="a">   68009836</subfield></datafield><datafield ind1=" " ind2=" " tag="020"><subfield code="a">0299051307</subfield></datafield><datafield ind1=" " ind2=" " tag="040"><subfield code="a">DLC</subfield><subfield code="c">DLC</subfield><subfield code="d">TxDaGIAL</subfield></datafield><datafield ind1="0" ind2=" " tag="041"><subfield code="a">enghau</subfield></datafield><datafield ind1="0" ind2=" " tag="050"><subfield code="a">PL8232</subfield><subfield code="b">.E3</subfield></datafield><datafield ind1=" " ind2=" " tag="082"><subfield code="a">496/.91/8642</subfield></datafield><datafield ind1="1" ind2="0" tag="100"><subfield code="a">Edgar, Frank,</subfield><subfield code="d">d. 1937.</subfield></datafield><datafield ind1="1" ind2="0" tag="245"><subfield code="a">Hausa readings :</subfield><subfield code="b">selections from Edgar's Tatsuniyoyi /</subfield><subfield code="c">[by] Neil Skinner.</subfield></datafield><datafield ind1="0" ind2=" " tag="260"><subfield code="a">Madison :</subfield><subfield code="b">Published for the Dept. of African Languages and Literature by the University of Wisconsin Press,</subfield><subfield code="c">1968.</subfield></datafield><datafield ind1=" " ind2=" " tag="300"><subfield code="a">xxi, 278 p. ;</subfield><subfield code="c">24 cm.</subfield></datafield><datafield ind1=" " ind2=" " tag="500"><subfield code="a">Selections from the author's work Litafi na Tatsuniyoyi na Hausa originally published in three volumes between 1910 and 1913.</subfield></datafield><datafield ind1=" " ind2=" " tag="504"><subfield code="a">Bibliographical footnotes.</subfield></datafield><datafield ind1=" " ind2="0" tag="650"><subfield code="a">Hausa language</subfield><subfield code="v">Readers.</subfield></datafield><datafield ind1="1" ind2="1" tag="700"><subfield code="a">Skinner, Neil,</subfield><subfield code="e">ed.</subfield></datafield><datafield ind1="2" ind2="0" tag="710"><subfield code="a">University of Wisconsin.</subfield><subfield code="b">Dept. of African Languages and Literature.</subfield></datafield><datafield ind1=" " ind2=" " tag="035"><subfield code="a">(TxDaGIAL)37741100007605</subfield></datafield><controlfield tag="005">20080624155749.0</controlfield><controlfield tag="001">3791</controlfield><controlfield tag="003">TxDaGIAL</controlfield><datafield ind1=" " ind2=" " tag="852"><subfield code="p">37741100007605</subfield><subfield code="a">Library</subfield><subfield code="x">COPYID:4524</subfield><subfield code="x">FSC@aRegular@c19950906</subfield><subfield code="h">493.7286 S628h 1968</subfield><subfield code="z">4707</subfield></datafield></record>