
<record><leader>01003cam a2200277 a 4500</leader><controlfield tag="008">890915s1984    azu      b    00010 eng  </controlfield><datafield ind1=" " ind2=" " tag="010"><subfield code="a">   89186173 /MN/r91</subfield></datafield><datafield ind1=" " ind2=" " tag="020"><subfield code="a">3878083564</subfield></datafield><datafield ind1=" " ind2=" " tag="040"><subfield code="a">DLC</subfield><subfield code="c">DLC</subfield><subfield code="d">DLC</subfield></datafield><datafield ind1=" " ind2=" " tag="043"><subfield code="a">n-us-az</subfield></datafield><datafield ind1="0" ind2="0" tag="050"><subfield code="a">PM1311</subfield><subfield code="b">.H5 1984</subfield></datafield><datafield ind1="1" ind2="0" tag="100"><subfield code="a">Hinton, Leanne.</subfield></datafield><datafield ind1="1" ind2="0" tag="245"><subfield code="a">Havasupai songs :</subfield><subfield code="b">a linguistic perspective /</subfield><subfield code="c">Leanne Hinton.</subfield></datafield><datafield ind1="0" ind2=" " tag="260"><subfield code="a">T&#252;bingen :</subfield><subfield code="b">G. Narr,</subfield><subfield code="c">c1984.</subfield></datafield><datafield ind1=" " ind2=" " tag="300"><subfield code="a">xix, 357 p. :</subfield><subfield code="b">music ;</subfield><subfield code="c">23 cm.</subfield></datafield><datafield ind1=" " ind2="0" tag="440"><subfield code="a">Ars linguistica ;</subfield><subfield code="v">6</subfield></datafield><datafield ind1=" " ind2=" " tag="504"><subfield code="a">Includes bibliographical references (p. 156-160).</subfield></datafield><datafield ind1=" " ind2="0" tag="650"><subfield code="a">Folk songs, Havasupai</subfield><subfield code="x">History and criticism.</subfield></datafield><datafield ind1=" " ind2="0" tag="650"><subfield code="a">Havasupai language</subfield><subfield code="x">Grammar.</subfield></datafield><datafield ind1=" " ind2="0" tag="650"><subfield code="a">Havasupai Indians</subfield><subfield code="x">Music</subfield><subfield code="x">History and criticism.</subfield></datafield><datafield ind1=" " ind2="0" tag="650"><subfield code="a">Folk music</subfield><subfield code="z">Arizona</subfield><subfield code="x">History and criticism.</subfield></datafield><datafield ind1=" " ind2=" " tag="035"><subfield code="a">(TxDaGIAL)37741100007797</subfield></datafield><controlfield tag="005">20080624155749.0</controlfield><controlfield tag="001">3792</controlfield><controlfield tag="003">TxDaGIAL</controlfield><datafield ind1=" " ind2=" " tag="852"><subfield code="p">37741100007797</subfield><subfield code="a">Library</subfield><subfield code="9">$21.17</subfield><subfield code="x">COPYID:4525</subfield><subfield code="x">FSC@aRegular@c19950907</subfield><subfield code="h">781.6297 H666h 1984</subfield><subfield code="z">DIR from Gunter Narr</subfield></datafield></record>