
<record><leader>01018cam a2200277Ia 4500</leader><controlfield tag="008">810805s1977    caub     b    00000 eng d</controlfield><datafield ind1=" " ind2=" " tag="020"><subfield code="c">$4.00</subfield></datafield><datafield ind1=" " ind2=" " tag="035"><subfield code="a">(CU-UC)702836</subfield></datafield><datafield ind1=" " ind2=" " tag="040"><subfield code="a">SOI</subfield><subfield code="c">SOI</subfield><subfield code="d">CU-Riv</subfield><subfield code="d">TxDaGIAL</subfield></datafield><datafield ind1=" " ind2=" " tag="043"><subfield code="a">f-tz---</subfield></datafield><datafield ind1=" " ind2=" " tag="094"><subfield code="a">hay00</subfield><subfield code="2">ROPAL</subfield></datafield><datafield ind1="0" ind2="0" tag="245"><subfield code="a">Haya grammatical structure :</subfield><subfield code="b">phonology, grammar, discourse /</subfield><subfield code="c">edited by Ernest Rugwa Byarushengo, Alessandro Duranti, Larry M. Hyman.</subfield></datafield><datafield ind1="0" ind2=" " tag="260"><subfield code="a">Los Angeles, Calif. :</subfield><subfield code="b">Dept of Linguistics, University of Southern California,</subfield><subfield code="c">1977.</subfield></datafield><datafield ind1=" " ind2=" " tag="300"><subfield code="a">iv, 213 p. :</subfield><subfield code="b">map ;</subfield><subfield code="c">21 cm.</subfield></datafield><datafield ind1=" " ind2="0" tag="440"><subfield code="a">Southern California occasional paper in linguistics ;</subfield><subfield code="v">6</subfield></datafield><datafield ind1=" " ind2=" " tag="504"><subfield code="a">Includes bibliographies.</subfield></datafield><datafield ind1=" " ind2=" " tag="546"><subfield code="a">English.</subfield></datafield><datafield ind1=" " ind2="0" tag="650"><subfield code="a">Haya language.</subfield></datafield><datafield ind1="1" ind2="1" tag="700"><subfield code="a">Byarushengo, Ernest Rugwa.</subfield></datafield><datafield ind1="1" ind2="1" tag="700"><subfield code="a">Duranti, Alessandro.</subfield></datafield><datafield ind1="1" ind2="1" tag="700"><subfield code="a">Hyman, Larry M.</subfield></datafield><datafield ind1=" " ind2=" " tag="035"><subfield code="a">(TxDaGIAL)37741100015784</subfield></datafield><controlfield tag="005">20080624155750.0</controlfield><controlfield tag="001">3795</controlfield><controlfield tag="003">TxDaGIAL</controlfield><datafield ind1=" " ind2=" " tag="852"><subfield code="p">37741100015784</subfield><subfield code="a">Library</subfield><subfield code="x">COPYID:4529</subfield><subfield code="x">FSC@aRegular@c19970312</subfield><subfield code="h">496.394 H413h 1977</subfield><subfield code="z">12902</subfield></datafield></record>