
<record><leader>00747nam a2200241Ii 4500</leader><controlfield tag="008">740731s1965    ne       b    00010 eng  </controlfield><datafield ind1=" " ind2=" " tag="010"><subfield code="a">   65022205</subfield></datafield><datafield ind1=" " ind2=" " tag="035"><subfield code="a">(CU-UC)2248292</subfield></datafield><datafield ind1=" " ind2=" " tag="040"><subfield code="a">DLC</subfield><subfield code="c">CIN</subfield><subfield code="d">SER</subfield><subfield code="d">CLU</subfield></datafield><datafield ind1="0" ind2=" " tag="050"><subfield code="a">P25</subfield><subfield code="b">.P38 no. 3</subfield></datafield><datafield ind1="1" ind2="0" tag="100"><subfield code="a">Matthews, George Hubert.</subfield></datafield><datafield ind1="1" ind2="0" tag="245"><subfield code="a">Hidatsa syntax /</subfield><subfield code="c">by G.H. Matthews.</subfield></datafield><datafield ind1="0" ind2=" " tag="260"><subfield code="a">London :</subfield><subfield code="b">Mouton,</subfield><subfield code="c">1965.</subfield></datafield><datafield ind1=" " ind2=" " tag="300"><subfield code="a">299 p. ;</subfield><subfield code="c">23 cm.</subfield></datafield><datafield ind1=" " ind2="0" tag="440"><subfield code="a">Papers on formal linguistics ;</subfield><subfield code="v">no. 3.</subfield></datafield><datafield ind1=" " ind2=" " tag="504"><subfield code="a">Bibliographical footnotes.</subfield></datafield><datafield ind1=" " ind2=" " tag="546"><subfield code="a">English.</subfield></datafield><datafield ind1=" " ind2="0" tag="650"><subfield code="a">Hidatsa language</subfield><subfield code="x">Syntax.</subfield></datafield><datafield ind1=" " ind2=" " tag="035"><subfield code="a">(TxDaGIAL)37741100016254</subfield></datafield><controlfield tag="005">20080624155758.0</controlfield><controlfield tag="001">3837</controlfield><controlfield tag="003">TxDaGIAL</controlfield><datafield ind1=" " ind2=" " tag="852"><subfield code="p">37741100016254</subfield><subfield code="a">Library</subfield><subfield code="x">COPYID:4575</subfield><subfield code="x">FSC@aRegular@c19970328</subfield><subfield code="h">497.52 M439h 1965</subfield><subfield code="z">2743</subfield></datafield></record>