
<record><leader>00716mam a2200217 a 4500</leader><controlfield tag="008">950221s1962    xxuac         000 0 eng d</controlfield><datafield ind1=" " ind2=" " tag="035"><subfield code="a">(OCoLC)32024984</subfield></datafield><datafield ind1=" " ind2=" " tag="040"><subfield code="a">BSC</subfield><subfield code="c">BSC</subfield><subfield code="d">IUL</subfield><subfield code="d">TxDaGIAL</subfield></datafield><datafield ind1=" " ind2=" " tag="094"><subfield code="a">raw00</subfield><subfield code="2">ROPAL</subfield></datafield><datafield ind1="1" ind2=" " tag="100"><subfield code="a">Morse, Robert H.,</subfield><subfield code="d">1941-</subfield></datafield><datafield ind1="1" ind2="0" tag="245"><subfield code="a">Hierarchical levels of Rawang phonology /</subfield><subfield code="c">Robert H. Morse.</subfield></datafield><datafield ind1=" " ind2=" " tag="260"><subfield code="c">1962.</subfield></datafield><datafield ind1=" " ind2=" " tag="300"><subfield code="a">v, 90 leaves :</subfield><subfield code="b">ill., port. ;</subfield><subfield code="c">28 cm.</subfield></datafield><datafield ind1=" " ind2=" " tag="502"><subfield code="a">Thesis (M.A.)--Indiana University, 1962.</subfield></datafield><datafield ind1=" " ind2="0" tag="650"><subfield code="a">Rawang language</subfield><subfield code="x">Phonology.</subfield></datafield><datafield ind1=" " ind2="0" tag="651"><subfield code="a">Burma</subfield><subfield code="x">Languages.</subfield></datafield><datafield ind1=" " ind2=" " tag="035"><subfield code="a">(TxDaGIAL)37741100020782</subfield></datafield><controlfield tag="005">20080624155758.0</controlfield><controlfield tag="001">3842</controlfield><controlfield tag="003">TxDaGIAL</controlfield><datafield ind1=" " ind2=" " tag="852"><subfield code="p">37741100020782</subfield><subfield code="a">Library</subfield><subfield code="x">COPYID:4580</subfield><subfield code="x">FSC@aRegular@c19971003</subfield><subfield code="h">495.4 M886 1962</subfield><subfield code="z">2324</subfield></datafield></record>