
<record><leader>01017nam a2200265 i 4500</leader><controlfield tag="008">860310s1972    nr       b    00010 eng d</controlfield><datafield ind1=" " ind2=" " tag="035"><subfield code="a">(CU-UC)dlaisn410289</subfield></datafield><datafield ind1=" " ind2=" " tag="040"><subfield code="a">CU</subfield><subfield code="c">CU</subfield><subfield code="d">TxDaGIAL</subfield></datafield><datafield ind1="1" ind2="0" tag="100"><subfield code="a">Mohrlang, Roger,</subfield><subfield code="d">1941-</subfield></datafield><datafield ind1="1" ind2="0" tag="245"><subfield code="a">Higi phonology /</subfield><subfield code="c">by Roger Mohrlang.</subfield></datafield><datafield ind1="0" ind2=" " tag="260"><subfield code="a">Zaria :</subfield><subfield code="b">Institute of Linguistics,</subfield><subfield code="c">1972.</subfield></datafield><datafield ind1=" " ind2=" " tag="300"><subfield code="a">106 p. ;</subfield><subfield code="c">23 cm.</subfield></datafield><datafield ind1=" " ind2="0" tag="440"><subfield code="a">Studies in Nigerian languages ;</subfield><subfield code="v">no. 2.</subfield></datafield><datafield ind1=" " ind2="0" tag="440"><subfield code="a">Language data.</subfield><subfield code="p">African series ;</subfield><subfield code="v">no. 2</subfield></datafield><datafield ind1=" " ind2=" " tag="500"><subfield code="a">"Also published as Language data, African series, no. 2."</subfield></datafield><datafield ind1=" " ind2=" " tag="504"><subfield code="a">Bibliography: p. 106.</subfield></datafield><datafield ind1=" " ind2=" " tag="546"><subfield code="a">English.</subfield></datafield><datafield ind1=" " ind2="4" tag="650"><subfield code="a">Kamwe language</subfield><subfield code="x">Phonology.</subfield></datafield><datafield ind1=" " ind2=" " tag="035"><subfield code="a">(TxDaGIAL)37741100014708</subfield></datafield><controlfield tag="005">20080624155803.0</controlfield><controlfield tag="001">3856</controlfield><controlfield tag="003">TxDaGIAL</controlfield><datafield ind1=" " ind2=" " tag="852"><subfield code="p">37741100014708</subfield><subfield code="a">Library</subfield><subfield code="x">COPYID:4594</subfield><subfield code="x">FSC@aRegular@c19970127</subfield><subfield code="h">493.7 M699h 1972</subfield></datafield><datafield ind1=" " ind2=" " tag="852"><subfield code="p">37741100014709</subfield><subfield code="a">Library</subfield><subfield code="x">COPYID:4595</subfield><subfield code="x">FSC@aRegular@c19970127</subfield><subfield code="h">493.7 M699h 1972</subfield></datafield><datafield ind1=" " ind2=" " tag="852"><subfield code="p">37741100014710</subfield><subfield code="a">Library</subfield><subfield code="x">COPYID:4596</subfield><subfield code="x">FSC@aRegular@c19970127</subfield><subfield code="h">493.7 M699h 1972</subfield></datafield></record>