
<record><leader>01386nam a2200337 a 4500</leader><controlfield tag="008">861125s1982    ii            000 0 gujo </controlfield><datafield ind1=" " ind2=" " tag="010"><subfield code="a">   83902165 /SA</subfield></datafield><datafield ind1=" " ind2=" " tag="020"><subfield code="c">Rs45.00</subfield></datafield><datafield ind1=" " ind2=" " tag="040"><subfield code="a">DLC</subfield><subfield code="c">DLC</subfield><subfield code="d">DLC</subfield></datafield><datafield ind1="0" ind2=" " tag="041"><subfield code="a">gujhin</subfield></datafield><datafield ind1="0" ind2="0" tag="050"><subfield code="a">PK1934</subfield><subfield code="b">.C35 1982</subfield></datafield><datafield ind1="1" ind2="0" tag="100"><subfield code="a">Caudhar&#299;, Raghuv&#299;ra,</subfield><subfield code="d">1938-</subfield></datafield><datafield ind1="1" ind2="0" tag="245"><subfield code="a">Hind&#299;-Gujar&#257;t&#299; dh&#257;tuko&#347;a :</subfield><subfield code="b">Hind&#299; aura Gujar&#257;t&#299; k&#299; kriy&#257;vacaka dh&#257;tuo&#7747; k&#257; tulan&#257;tmaka adhyayana /</subfield><subfield code="c">Raghuv&#299;ra Caudhar&#299;.</subfield></datafield><datafield ind1=" " ind2=" " tag="250"><subfield code="a">1st ed.</subfield></datafield><datafield ind1="0" ind2=" " tag="260"><subfield code="a">Ahamad&#257;b&#257;da :</subfield><subfield code="b">L&#257;labh&#257;&#299; Dalapatabh&#257;&#299; Bh&#257;rat&#299;ya Sa&#7747;sk&#805;rti Vidy&#257;mandira,</subfield><subfield code="c">1982.</subfield></datafield><datafield ind1=" " ind2=" " tag="300"><subfield code="a">230 p. ;</subfield><subfield code="c">25 cm.</subfield></datafield><datafield ind1=" " ind2="0" tag="440"><subfield code="a">L.D. series ;</subfield><subfield code="v">87</subfield></datafield><datafield ind1=" " ind2=" " tag="500"><subfield code="a">Gujarati (Devanagari) and Hindi.</subfield></datafield><datafield ind1=" " ind2=" " tag="500"><subfield code="a">Title on added t.p.: Hind&#299;-Gujar&#257;t&#299; dh&#257;tuko&#347;a : a comparative study of Hindi-Gujarati verbal roots.</subfield></datafield><datafield ind1=" " ind2="0" tag="650"><subfield code="a">Hindi language</subfield><subfield code="x">Roots.</subfield></datafield><datafield ind1=" " ind2="0" tag="650"><subfield code="a">Gujarati language</subfield><subfield code="x">Roots.</subfield></datafield><datafield ind1=" " ind2="0" tag="650"><subfield code="a">Hindi language</subfield><subfield code="x">Verb.</subfield></datafield><datafield ind1=" " ind2="0" tag="650"><subfield code="a">Gujarati language</subfield><subfield code="x">Verb.</subfield></datafield><datafield ind1=" " ind2="0" tag="650"><subfield code="a">Hindi language</subfield><subfield code="x">Grammar, Comparative</subfield><subfield code="x">Gujarati.</subfield></datafield><datafield ind1=" " ind2="0" tag="650"><subfield code="a">Gujarati language</subfield><subfield code="x">Grammar, Comparative</subfield><subfield code="x">Hindi.</subfield></datafield><datafield ind1="0" ind2="1" tag="740"><subfield code="a">Hind&#299;-Gujar&#257;t&#299; dh&#257;tuko&#347;a : a comparative study of Hindi-Gujarati verbal roots.</subfield></datafield><datafield ind1=" " ind2=" " tag="035"><subfield code="a">(TxDaGIAL)37741100014514</subfield></datafield><controlfield tag="005">20080624155804.0</controlfield><controlfield tag="001">3865</controlfield><controlfield tag="003">TxDaGIAL</controlfield><datafield ind1=" " ind2=" " tag="852"><subfield code="p">37741100014514</subfield><subfield code="a">Library</subfield><subfield code="x">COPYID:4605</subfield><subfield code="x">FSC@aRegular@c19970116</subfield><subfield code="h">491.4 C496h 1982</subfield><subfield code="z">10785</subfield></datafield></record>