
<record><leader>00882nam a2200229 a 4500</leader><controlfield tag="008">970325r19741971cau     r     000 0 eng d</controlfield><datafield ind1=" " ind2=" " tag="040"><subfield code="a">TxDaGIAL</subfield><subfield code="c">TxDaGIAL</subfield></datafield><datafield ind1="1" ind2=" " tag="100"><subfield code="a">Campbell, Lyle.</subfield></datafield><datafield ind1="1" ind2="0" tag="245"><subfield code="a">Historical linguistics and Quichean linguistic prehistory /</subfield><subfield code="c">by Lyle Richard Campbell.</subfield></datafield><datafield ind1=" " ind2=" " tag="260"><subfield code="c">1971.</subfield></datafield><datafield ind1=" " ind2=" " tag="300"><subfield code="a">xviii, 394 leaves :</subfield><subfield code="b">maps ;</subfield><subfield code="c">21 cm.</subfield></datafield><datafield ind1=" " ind2=" " tag="502"><subfield code="a">Thesis (Ph.D.)--University of California, Los Angeles, 1971.</subfield></datafield><datafield ind1=" " ind2=" " tag="504"><subfield code="a">Bibliography : leaves 366-376.</subfield></datafield><datafield ind1=" " ind2=" " tag="533"><subfield code="a">Facsim.</subfield><subfield code="b">Ann Arbor, Mich. :</subfield><subfield code="c">University Microfilms,</subfield><subfield code="d">1974.</subfield></datafield><datafield ind1=" " ind2="0" tag="650"><subfield code="a">Quich&#233; language.</subfield></datafield><datafield ind1=" " ind2="0" tag="650"><subfield code="a">Quichean languages</subfield><subfield code="x">History.</subfield></datafield><datafield ind1="2" ind2="0" tag="610"><subfield code="a">University of California, Los Angeles</subfield><subfield code="x">Dissertations.</subfield></datafield><datafield ind1=" " ind2=" " tag="035"><subfield code="a">(TxDaGIAL)37741100016229</subfield></datafield><controlfield tag="005">20080624155808.0</controlfield><controlfield tag="001">3892</controlfield><controlfield tag="003">TxDaGIAL</controlfield><datafield ind1=" " ind2=" " tag="852"><subfield code="p">37741100016229</subfield><subfield code="a">Library</subfield><subfield code="x">COPYID:4636</subfield><subfield code="x">FSC@aRegular@c19970325</subfield><subfield code="h">497.415 C188h 1971</subfield><subfield code="z">9328</subfield></datafield></record>