
<record><leader>01016cam a2200301 a 4500</leader><controlfield tag="008">811103s1983    hiu      b    00110 eng  </controlfield><datafield ind1=" " ind2=" " tag="010"><subfield code="a">   81018523 //r85</subfield></datafield><datafield ind1=" " ind2=" " tag="020"><subfield code="a">0824808029</subfield></datafield><datafield ind1=" " ind2=" " tag="040"><subfield code="a">DLC</subfield><subfield code="c">DLC`</subfield><subfield code="d">TxDaGIAL</subfield></datafield><datafield ind1=" " ind2=" " tag="043"><subfield code="a">pofj---</subfield></datafield><datafield ind1="0" ind2=" " tag="050"><subfield code="a">PL6235</subfield><subfield code="b">.G47 1983</subfield></datafield><datafield ind1="0" ind2=" " tag="082"><subfield code="a">499/.4</subfield><subfield code="2">19</subfield></datafield><datafield ind1="1" ind2="0" tag="100"><subfield code="a">Geraghty, Paul A.</subfield></datafield><datafield ind1="1" ind2="4" tag="245"><subfield code="a">The history of the Fijian languages /</subfield><subfield code="c">Paul A. Geraghty.</subfield></datafield><datafield ind1="0" ind2=" " tag="260"><subfield code="a">Honolulu :</subfield><subfield code="b">University of Hawaii Press,</subfield><subfield code="c">c1983.</subfield></datafield><datafield ind1=" " ind2=" " tag="300"><subfield code="a">xxv, 483 p. :</subfield><subfield code="b">maps ;</subfield><subfield code="c">23 cm.</subfield></datafield><datafield ind1="1" ind2=" " tag="490"><subfield code="a">Oceanic linguistics special publications ;</subfield><subfield code="v">no. 19</subfield></datafield><datafield ind1=" " ind2=" " tag="504"><subfield code="a">Bibliography: p. 420-430.</subfield></datafield><datafield ind1=" " ind2=" " tag="500"><subfield code="a">Includes indexes.</subfield></datafield><datafield ind1=" " ind2="0" tag="650"><subfield code="a">Fijian language.</subfield></datafield><datafield ind1=" " ind2="0" tag="651"><subfield code="a">Fiji</subfield><subfield code="x">Languages.</subfield></datafield><datafield ind1=" " ind2="0" tag="650"><subfield code="a">Melanesian languages.</subfield></datafield><datafield ind1=" " ind2="0" tag="830"><subfield code="a">Oceanic linguistics special publication ;</subfield><subfield code="v">no. 19.</subfield></datafield><datafield ind1=" " ind2=" " tag="035"><subfield code="a">(TxDaGIAL)37741100012168</subfield></datafield><controlfield tag="005">20080624155816.0</controlfield><controlfield tag="001">3925</controlfield><controlfield tag="003">TxDaGIAL</controlfield><datafield ind1=" " ind2=" " tag="852"><subfield code="p">37741100012168</subfield><subfield code="a">Library</subfield><subfield code="9">$25.00</subfield><subfield code="x">COPYID:4680</subfield><subfield code="x">FSC@aRegular@c19960625</subfield><subfield code="h">499.5 G354h 1983</subfield><subfield code="z">Direct 9-91</subfield></datafield></record>