
<record><leader>01281nam a2200325 a 4500</leader><controlfield tag="008">850523s1986    nyua     b    00100 eng  </controlfield><datafield ind1=" " ind2=" " tag="010"><subfield code="a">   85047918</subfield></datafield><datafield ind1=" " ind2=" " tag="020"><subfield code="a">0913256943</subfield></datafield><datafield ind1=" " ind2=" " tag="020"><subfield code="a">0913256951 (pbk.)</subfield></datafield><datafield ind1=" " ind2=" " tag="040"><subfield code="a">DLC</subfield><subfield code="c">DLC</subfield></datafield><datafield ind1="0" ind2=" " tag="050"><subfield code="a">DS509.5.H66</subfield><subfield code="b">H56 1986</subfield></datafield><datafield ind1="0" ind2=" " tag="082"><subfield code="a">304.8/08995</subfield><subfield code="2">19</subfield></datafield><datafield ind1="0" ind2="4" tag="245"><subfield code="a">The Hmong in transition /</subfield><subfield code="c">edited by Glenn L. Hendricks, Bruce T. Downing, Amos S. Deinard.</subfield></datafield><datafield ind1=" " ind2=" " tag="250"><subfield code="a">1st ed.</subfield></datafield><datafield ind1="0" ind2=" " tag="260"><subfield code="a">Staten Island, N.Y. :</subfield><subfield code="b">Center for Migration Studies of New York ;</subfield><subfield code="a">[Minneapolis, Minn.] :</subfield><subfield code="b">Southeast Asian Refugee Studies of the University of Minnesota,</subfield><subfield code="c">1986.</subfield></datafield><datafield ind1=" " ind2=" " tag="300"><subfield code="a">xiii, 464 p., [1] leaf of plates :</subfield><subfield code="b">ill. ;</subfield><subfield code="c">24 cm.</subfield></datafield><datafield ind1=" " ind2=" " tag="504"><subfield code="a">Includes bibliographies and index.</subfield></datafield><datafield ind1=" " ind2="0" tag="650"><subfield code="a">Hmong (Asian people)</subfield><subfield code="x">Social conditions.</subfield></datafield><datafield ind1=" " ind2="0" tag="650"><subfield code="a">Hmong language.</subfield></datafield><datafield ind1=" " ind2="0" tag="650"><subfield code="a">Political refugees.</subfield></datafield><datafield ind1="1" ind2="0" tag="700"><subfield code="a">Hendricks, Glenn L.,</subfield><subfield code="d">1928-</subfield></datafield><datafield ind1="1" ind2="0" tag="700"><subfield code="a">Downing, Bruce T.</subfield></datafield><datafield ind1="1" ind2="0" tag="700"><subfield code="a">Deinard, Amos S.</subfield></datafield><datafield ind1="2" ind2="0" tag="710"><subfield code="a">Center for Migration Studies (U.S.)</subfield></datafield><datafield ind1="2" ind2="0" tag="710"><subfield code="a">University of Minnesota.</subfield><subfield code="b">Southeast Asian Refugee Studies Project.</subfield></datafield><datafield ind1=" " ind2=" " tag="035"><subfield code="a">(TxDaGIAL)37741100004181</subfield></datafield><controlfield tag="005">20080624155819.0</controlfield><controlfield tag="001">3934</controlfield><controlfield tag="003">TxDaGIAL</controlfield><datafield ind1=" " ind2=" " tag="852"><subfield code="p">37741100004181</subfield><subfield code="a">Library</subfield><subfield code="9">$0.00</subfield><subfield code="x">COPYID:4689</subfield><subfield code="x">FSC@aRegular@c19950519</subfield><subfield code="h">305.895 H677h 1986</subfield><subfield code="z">12372</subfield></datafield></record>