
<record><leader>00956cam a2200253 a 4500</leader><controlfield tag="008">830124s1983    wb       b    00010 eng  </controlfield><datafield ind1=" " ind2=" " tag="010"><subfield code="a">   83002291</subfield></datafield><datafield ind1=" " ind2=" " tag="020"><subfield code="a">9027933499 (Netherlands) :</subfield><subfield code="c">DM200.00 (West Germany : est.) ($100.00 U.S. : est.)</subfield></datafield><datafield ind1=" " ind2=" " tag="040"><subfield code="a">DLC</subfield><subfield code="c">DLC</subfield><subfield code="d">TxDaGIAL</subfield></datafield><datafield ind1="0" ind2=" " tag="050"><subfield code="a">PM1351</subfield><subfield code="b">.M29 1983</subfield></datafield><datafield ind1="0" ind2=" " tag="082"><subfield code="a">497/.4</subfield><subfield code="2">19</subfield></datafield><datafield ind1="1" ind2="0" tag="100"><subfield code="a">Malotki, Ekkehart.</subfield></datafield><datafield ind1="1" ind2="0" tag="245"><subfield code="a">Hopi time :</subfield><subfield code="b">a linguistic analysis of the temporal concepts in the Hopi language /</subfield><subfield code="c">Ekkehart Malotki.</subfield></datafield><datafield ind1="0" ind2=" " tag="260"><subfield code="a">Berlin ;</subfield><subfield code="a">New York :</subfield><subfield code="b">Mouton Publishers,</subfield><subfield code="c">c1983.</subfield></datafield><datafield ind1=" " ind2=" " tag="300"><subfield code="a">xxii, 677 p. ;</subfield><subfield code="c">24 cm.</subfield></datafield><datafield ind1=" " ind2="0" tag="440"><subfield code="a">Trends in linguistics.</subfield><subfield code="p">Studies and monographs ;</subfield><subfield code="v">20</subfield></datafield><datafield ind1=" " ind2=" " tag="504"><subfield code="a">Bibliography: p. [671]-677.</subfield></datafield><datafield ind1=" " ind2="0" tag="650"><subfield code="a">Hopi language.</subfield></datafield><datafield ind1=" " ind2="0" tag="650"><subfield code="a">Space and time in language.</subfield></datafield><datafield ind1=" " ind2=" " tag="035"><subfield code="a">(TxDaGIAL)37741100012629</subfield></datafield><controlfield tag="005">20080624155823.0</controlfield><controlfield tag="001">3957</controlfield><controlfield tag="003">TxDaGIAL</controlfield><datafield ind1=" " ind2=" " tag="852"><subfield code="p">37741100012629</subfield><subfield code="a">Library</subfield><subfield code="x">COPYID:4718</subfield><subfield code="x">FSC@aRegular@c19960718</subfield><subfield code="h">497.45 M257h 1983</subfield><subfield code="z">12234</subfield></datafield></record>