
<record><leader>00747nam a2200205 a 4500</leader><controlfield tag="008">970315s1992    txu           000 0 eng d</controlfield><datafield ind1=" " ind2=" " tag="040"><subfield code="a">TxDaGIAL</subfield><subfield code="c">TxDaGIAL</subfield></datafield><datafield ind1="1" ind2=" " tag="100"><subfield code="a">Willits, Bradford Ray.</subfield></datafield><datafield ind1="1" ind2="0" tag="245"><subfield code="a">Hortatory discourse in Susu /</subfield><subfield code="c">by Bradford Ray Willits.</subfield></datafield><datafield ind1=" " ind2=" " tag="260"><subfield code="c">1992.</subfield></datafield><datafield ind1=" " ind2=" " tag="300"><subfield code="a">x, 113 leaves ;</subfield><subfield code="c">28 cm.</subfield></datafield><datafield ind1=" " ind2=" " tag="502"><subfield code="a">Thesis (M.A.)--University of Texas at Arlington, 1992.</subfield></datafield><datafield ind1=" " ind2=" " tag="504"><subfield code="a">Bibliography: leaves 111-113.</subfield></datafield><datafield ind1=" " ind2="0" tag="650"><subfield code="a">Susu language.</subfield></datafield><datafield ind1="2" ind2="0" tag="610"><subfield code="a">University of Texas at Arlington.</subfield><subfield code="b">Graduate School</subfield><subfield code="x">Dissertations.</subfield></datafield><datafield ind1=" " ind2=" " tag="035"><subfield code="a">(TxDaGIAL)37741100015935</subfield></datafield><controlfield tag="005">20080624155825.0</controlfield><controlfield tag="001">3964</controlfield><controlfield tag="003">TxDaGIAL</controlfield><datafield ind1=" " ind2=" " tag="852"><subfield code="p">37741100015935</subfield><subfield code="a">Library</subfield><subfield code="9">$0.00</subfield><subfield code="x">COPYID:4728</subfield><subfield code="x">FSC@aRegular@c19970317</subfield><subfield code="h">496.34 W733h 1992</subfield><subfield code="z">author gift 5-92</subfield></datafield></record>