
<record><leader>00796nam a2200229Ki 4500</leader><controlfield tag="008">841022s1967    hk a          00000 eng d</controlfield><datafield ind1=" " ind2=" " tag="035"><subfield code="a">(CU-UC)dlaisn4975537</subfield></datafield><datafield ind1=" " ind2=" " tag="040"><subfield code="a">ORE</subfield><subfield code="c">ORE</subfield><subfield code="d">CU-S</subfield><subfield code="d">TxDaGIAL</subfield></datafield><datafield ind1="0" ind2=" " tag="041"><subfield code="a">engchi</subfield></datafield><datafield ind1="1" ind2="0" tag="100"><subfield code="a">Wei, Juxian,</subfield><subfield code="d">1898-</subfield></datafield><datafield ind1="1" ind2="0" tag="245"><subfield code="a">How to be literate in Chinese :</subfield><subfield code="b">an introduction to the 214 radicals of Chinese thought and script. /</subfield><subfield code="c">by Wei Chu-hsien.</subfield></datafield><datafield ind1="1" ind2=" " tag="260"><subfield code="a">Hong Kong,</subfield><subfield code="c">[1967]</subfield></datafield><datafield ind1=" " ind2=" " tag="300"><subfield code="a">224 p. :</subfield><subfield code="b">illus. ;</subfield><subfield code="c">19 cm.</subfield></datafield><datafield ind1=" " ind2=" " tag="500"><subfield code="a">Title also in Chinese.</subfield></datafield><datafield ind1=" " ind2=" " tag="546"><subfield code="a">English.</subfield></datafield><datafield ind1=" " ind2="0" tag="650"><subfield code="a">Chinese language</subfield><subfield code="x">Study and teaching.</subfield></datafield><datafield ind1=" " ind2="0" tag="650"><subfield code="a">Chinese characters.</subfield></datafield><datafield ind1=" " ind2=" " tag="035"><subfield code="a">(TxDaGIAL)37741100014892</subfield></datafield><controlfield tag="005">20080624155830.0</controlfield><controlfield tag="001">3982</controlfield><controlfield tag="003">TxDaGIAL</controlfield><datafield ind1=" " ind2=" " tag="852"><subfield code="p">37741100014892</subfield><subfield code="a">Library</subfield><subfield code="x">COPYID:4746</subfield><subfield code="x">FSC@aRegular@c19970203</subfield><subfield code="h">495.111 C559h 1967</subfield><subfield code="z">5297</subfield></datafield></record>