
<record><leader>01036nam a2200253 a 4500</leader><controlfield tag="008">711129s1964    ne            000 0 eng  </controlfield><datafield ind1=" " ind2=" " tag="035"><subfield code="a">(CU-UC)2004801</subfield></datafield><datafield ind1=" " ind2=" " tag="040"><subfield code="a">DLC</subfield><subfield code="c">DLC</subfield><subfield code="d">CU-SC</subfield></datafield><datafield ind1="1" ind2=" " tag="100"><subfield code="a">Grimes, Joseph Evans.</subfield></datafield><datafield ind1="1" ind2="0" tag="245"><subfield code="a">Huichol syntax.</subfield></datafield><datafield ind1=" " ind2=" " tag="260"><subfield code="a">The Hague :</subfield><subfield code="b">Mouton,</subfield><subfield code="c">1964.</subfield></datafield><datafield ind1=" " ind2=" " tag="300"><subfield code="a">105 p. ;</subfield><subfield code="c">26cm.</subfield></datafield><datafield ind1="1" ind2=" " tag="490"><subfield code="a">Janua linguarum. Series practica</subfield></datafield><datafield ind1=" " ind2=" " tag="500"><subfield code="a">"This study in its original form was presented to the faculty of the Graduate School of Cornell Uhiversity for +he degree of Dxctor of Philosophy."</subfield></datafield><datafield ind1=" " ind2=" " tag="546"><subfield code="a">English.</subfield></datafield><datafield ind1=" " ind2="0" tag="650"><subfield code="a">Huichol language</subfield><subfield code="x">Syntax.</subfield></datafield><datafield ind1=" " ind2="0" tag="830"><subfield code="a">Janua linguarum.</subfield><subfield code="p">Series practica.</subfield></datafield><datafield ind1=" " ind2=" " tag="035"><subfield code="a">(TxDaGIAL)37741100016336</subfield></datafield><controlfield tag="005">20080624155834.0</controlfield><controlfield tag="001">4007</controlfield><controlfield tag="003">TxDaGIAL</controlfield><datafield ind1=" " ind2=" " tag="852"><subfield code="p">37741100016336</subfield><subfield code="a">Library</subfield><subfield code="x">COPYID:4772</subfield><subfield code="x">FSC@aRegular@c19970328</subfield><subfield code="h">497.45 G862hs 1964</subfield><subfield code="z">2561</subfield></datafield><datafield ind1=" " ind2=" " tag="852"><subfield code="p">37741100016337</subfield><subfield code="a">Library</subfield><subfield code="x">COPYID:4773</subfield><subfield code="x">FSC@aRegular@c19970328</subfield><subfield code="h">497.45 G862hs 1964</subfield><subfield code="z">2560</subfield></datafield><datafield ind1=" " ind2=" " tag="852"><subfield code="p">37741100016338</subfield><subfield code="a">Library</subfield><subfield code="x">COPYID:4774</subfield><subfield code="x">FSC@aRegular@c19970328</subfield><subfield code="h">497.45 G862hs 1964</subfield><subfield code="z">2559</subfield></datafield></record>