
<record><leader>00817nam a2200229 a 4500</leader><controlfield tag="008">711129s1960    nyu           000 0 eng d</controlfield><datafield ind1=" " ind2=" " tag="040"><subfield code="a">TxDaGIAL</subfield><subfield code="c">TxDaGIAL</subfield></datafield><datafield ind1="1" ind2=" " tag="100"><subfield code="a">Grimes, Joseph Evans.</subfield></datafield><datafield ind1="1" ind2="0" tag="245"><subfield code="a">Huichol syntax /</subfield><subfield code="c">by Joseph Evans Grimes.</subfield></datafield><datafield ind1=" " ind2=" " tag="260"><subfield code="c">1960.</subfield></datafield><datafield ind1=" " ind2=" " tag="300"><subfield code="a">179 leaves ;</subfield><subfield code="c">29 cm.</subfield></datafield><datafield ind1=" " ind2=" " tag="502"><subfield code="a">Thesis (Ph.D.)--Cornell University, 1960.</subfield></datafield><datafield ind1=" " ind2=" " tag="504"><subfield code="a">Bibliography : leaves 175-179.</subfield></datafield><datafield ind1=" " ind2=" " tag="500"><subfield code="a">Published in: Janua linguarum. Series practica, 1964.</subfield></datafield><datafield ind1="2" ind2="0" tag="610"><subfield code="a">Cornell University.</subfield><subfield code="b">Graduate School</subfield><subfield code="x">Dissertations.</subfield></datafield><datafield ind1=" " ind2="0" tag="650"><subfield code="a">Huichol language</subfield><subfield code="x">Syntax.</subfield></datafield><datafield ind1=" " ind2="0" tag="830"><subfield code="a">Janua linguarum.</subfield><subfield code="p">Series practica.</subfield></datafield><datafield ind1=" " ind2=" " tag="035"><subfield code="a">(TxDaGIAL)37741100016392</subfield></datafield><controlfield tag="005">20080624155834.0</controlfield><controlfield tag="001">4008</controlfield><controlfield tag="003">TxDaGIAL</controlfield><datafield ind1=" " ind2=" " tag="852"><subfield code="p">37741100016392</subfield><subfield code="a">Library</subfield><subfield code="x">COPYID:4775</subfield><subfield code="x">FSC@aRegular@c19970331</subfield><subfield code="h">497.45 G862hs 1960</subfield><subfield code="z">2150</subfield></datafield></record>