
<record><leader>00908nam a2200241 i 4500</leader><controlfield tag="008">760910s1975    inu      b    00010 eng  </controlfield><datafield ind1=" " ind2=" " tag="010"><subfield code="a">   76374127</subfield></datafield><datafield ind1=" " ind2=" " tag="040"><subfield code="a">DLC</subfield><subfield code="c">DLC</subfield><subfield code="d">TxDaGIAL</subfield></datafield><datafield ind1="0" ind2=" " tag="050"><subfield code="a">PH2131</subfield><subfield code="b">.V3 1975</subfield></datafield><datafield ind1=" " ind2=" " tag="082"><subfield code="a">494/.511/15</subfield></datafield><datafield ind1="1" ind2="0" tag="100"><subfield code="a">Vago, Robert Michael.</subfield></datafield><datafield ind1="1" ind2="0" tag="245"><subfield code="a">Hungarian generative phonology /</subfield><subfield code="c">Robert Michael Vago.</subfield></datafield><datafield ind1="0" ind2=" " tag="260"><subfield code="a">Bloomington :</subfield><subfield code="b">Indiana University Linguistics Club,</subfield><subfield code="c">1975.</subfield></datafield><datafield ind1=" " ind2=" " tag="300"><subfield code="a">vi, 273 p. ;</subfield><subfield code="c">28 cm.</subfield></datafield><datafield ind1=" " ind2=" " tag="500"><subfield code="a">Reproduced from type-written copy which was originally presented as the author's thesis, Harvard University, 1974.</subfield></datafield><datafield ind1=" " ind2=" " tag="504"><subfield code="a">Bibliography: p. 255-262.</subfield></datafield><datafield ind1=" " ind2="0" tag="650"><subfield code="a">Hungarian language</subfield><subfield code="x">Phonology.</subfield></datafield><datafield ind1=" " ind2="0" tag="650"><subfield code="a">Hungarian language</subfield><subfield code="x">Grammar, Generative.</subfield></datafield><datafield ind1=" " ind2=" " tag="035"><subfield code="a">(TxDaGIAL)37741100007613</subfield></datafield><controlfield tag="005">20080624155838.0</controlfield><controlfield tag="001">4028</controlfield><controlfield tag="003">TxDaGIAL</controlfield><datafield ind1=" " ind2=" " tag="852"><subfield code="p">37741100007613</subfield><subfield code="a">Library</subfield><subfield code="x">COPYID:4796</subfield><subfield code="x">FSC@aRegular@c19950906</subfield><subfield code="h">494.51115 V126h 1975</subfield></datafield></record>