
<record><leader>00777nam a22002175i 4500</leader><controlfield tag="008">950622s1994    nyu           0 0 0 eng d</controlfield><datafield ind1=" " ind2=" " tag="020"><subfield code="a">0781801648 (pbk.) :</subfield><subfield code="c">$8.95</subfield></datafield><datafield ind1=" " ind2=" " tag="040"><subfield code="d">TxDaGIAL</subfield></datafield><datafield ind1="1" ind2="0" tag="100"><subfield code="a">Alapi, Krisztina.</subfield></datafield><datafield ind1="1" ind2="0" tag="245"><subfield code="a">Hungarian /</subfield><subfield code="c">Krisztina Alapi.</subfield></datafield><datafield ind1=" " ind2=" " tag="260"><subfield code="a">New York, NY :</subfield><subfield code="b">Hippocrene Books,</subfield><subfield code="c">c1994.</subfield></datafield><datafield ind1=" " ind2=" " tag="300"><subfield code="a">209 p. ;</subfield><subfield code="c">21 cm.</subfield></datafield><datafield ind1=" " ind2="0" tag="440"><subfield code="a">Hippocrene handy extra dictionaries</subfield></datafield><datafield ind1=" " ind2=" " tag="500"><subfield code="a">Includes brief Hungarian grammar (p. 6-26)</subfield></datafield><datafield ind1=" " ind2="0" tag="650"><subfield code="a">Hungarian language</subfield><subfield code="v">Glossaries, vocabularies, etc.</subfield></datafield><datafield ind1=" " ind2="0" tag="650"><subfield code="a">English language</subfield><subfield code="v">Dictionaries</subfield><subfield code="x">Hungarian.</subfield></datafield><datafield ind1=" " ind2=" " tag="035"><subfield code="a">(TxDaGIAL)37741100005793</subfield></datafield><controlfield tag="005">20080624155839.0</controlfield><controlfield tag="001">4029</controlfield><controlfield tag="003">TxDaGIAL</controlfield><datafield ind1=" " ind2=" " tag="852"><subfield code="p">37741100005793</subfield><subfield code="a">Library</subfield><subfield code="9">$7.79</subfield><subfield code="x">COPYID:4797</subfield><subfield code="x">FSC@aRegular@c19950720</subfield><subfield code="h">494.511 A319h 1994</subfield><subfield code="z">B/T 7-95</subfield></datafield></record>