
<record><leader>00787nam a2200229 i 4500</leader><controlfield tag="008">920313s1970    mau      b    00010 eng d</controlfield><datafield ind1=" " ind2=" " tag="035"><subfield code="a">(CU-UC)dlaisn3296951</subfield></datafield><datafield ind1=" " ind2=" " tag="040"><subfield code="a">NjR</subfield><subfield code="c">NjR</subfield><subfield code="d">CU-SB</subfield></datafield><datafield ind1="1" ind2=" " tag="100"><subfield code="a">Rice, Lester A.</subfield></datafield><datafield ind1="1" ind2="0" tag="245"><subfield code="a">Hungarian morphological irregularities /</subfield><subfield code="c">by Lester A. Rice.</subfield></datafield><datafield ind1=" " ind2=" " tag="260"><subfield code="a">Cambridge, Mass. :</subfield><subfield code="b">Slavica,</subfield><subfield code="c">1970.</subfield></datafield><datafield ind1=" " ind2=" " tag="300"><subfield code="a">80 p. ;</subfield><subfield code="c">27 cm.</subfield></datafield><datafield ind1=" " ind2=" " tag="504"><subfield code="a">Bibliography: p. 79-80.</subfield></datafield><datafield ind1=" " ind2=" " tag="546"><subfield code="a">English.</subfield></datafield><datafield ind1=" " ind2="0" tag="650"><subfield code="a">Hungarian language</subfield><subfield code="x">Inflection.</subfield></datafield><datafield ind1=" " ind2="0" tag="650"><subfield code="a">Hungarian language</subfield><subfield code="x">Word formation.</subfield></datafield><datafield ind1=" " ind2="0" tag="650"><subfield code="a">Hungarian language</subfield><subfield code="x">Grammar, Generative.</subfield></datafield><datafield ind1=" " ind2=" " tag="035"><subfield code="a">(TxDaGIAL)37741100014711</subfield></datafield><controlfield tag="005">20080624155839.0</controlfield><controlfield tag="001">4030</controlfield><controlfield tag="003">TxDaGIAL</controlfield><datafield ind1=" " ind2=" " tag="852"><subfield code="p">37741100014711</subfield><subfield code="a">Library</subfield><subfield code="9">$0.00</subfield><subfield code="x">COPYID:4798</subfield><subfield code="x">FSC@aRegular@c19970127</subfield><subfield code="h">494.511 R496h 1970</subfield><subfield code="z">Gift 10-92</subfield></datafield></record>