
<record><leader>00964nam a2200241 i 4500</leader><controlfield tag="008">960513c19631952ndu           001 0 eng d</controlfield><datafield ind1=" " ind2=" " tag="040"><subfield code="a">TxDaGIAL</subfield><subfield code="c">TxDaGIAL</subfield></datafield><datafield ind1="1" ind2=" " tag="041"><subfield code="a">iloeng</subfield><subfield code="b">eng</subfield></datafield><datafield ind1="0" ind2="4" tag="082"><subfield code="a">499.21</subfield></datafield><datafield ind1="1" ind2=" " tag="100"><subfield code="a">McKaughan, Howard,</subfield><subfield code="d">1922-</subfield></datafield><datafield ind1="1" ind2="0" tag="245"><subfield code="a">Ilocano, an intensive language course /</subfield><subfield code="c">Howard McKaughan and Jannette Forster.</subfield></datafield><datafield ind1=" " ind2=" " tag="250"><subfield code="a">4th ed.</subfield></datafield><datafield ind1=" " ind2=" " tag="260"><subfield code="a">Grand Forks, N.D. :</subfield><subfield code="b">Summer Institute of Linguistics,</subfield><subfield code="c">1963, c1952.</subfield></datafield><datafield ind1=" " ind2=" " tag="300"><subfield code="a">1 v. (various pagings) ;</subfield><subfield code="c">28 cm.</subfield></datafield><datafield ind1=" " ind2=" " tag="500"><subfield code="a">"... joint thesis by the authors, ... for Master of Arts degrees in Linguistics, granted by Cornell University, June, 1952." - pref.</subfield></datafield><datafield ind1=" " ind2=" " tag="500"><subfield code="a">Includes bibliography and index.</subfield></datafield><datafield ind1=" " ind2="0" tag="650"><subfield code="a">Iloko language</subfield><subfield code="x">Study and teaching.</subfield></datafield><datafield ind1="1" ind2="0" tag="700"><subfield code="a">Forster, Jannette,</subfield><subfield code="d">1924-</subfield></datafield><datafield ind1=" " ind2=" " tag="035"><subfield code="a">(TxDaGIAL)37741100011355</subfield></datafield><controlfield tag="005">20080624155854.0</controlfield><controlfield tag="001">4091</controlfield><controlfield tag="003">TxDaGIAL</controlfield><datafield ind1=" " ind2=" " tag="852"><subfield code="p">37741100011355</subfield><subfield code="a">Library</subfield><subfield code="x">COPYID:4867</subfield><subfield code="x">FSC@aRegular@c19960503</subfield><subfield code="h">499.2131 M153i 1963</subfield><subfield code="z">4206</subfield></datafield></record>