
<record><leader>00860nam a2200265 a 4500</leader><controlfield tag="008">890831s1985    enka     b    00010 eng  </controlfield><datafield ind1=" " ind2=" " tag="010"><subfield code="a">   89181483</subfield></datafield><datafield ind1=" " ind2=" " tag="020"><subfield code="a">0709934440</subfield></datafield><datafield ind1=" " ind2=" " tag="040"><subfield code="a">DLC</subfield><subfield code="c">DLC</subfield><subfield code="d">DLC</subfield></datafield><datafield ind1=" " ind2=" " tag="043"><subfield code="a">s-ec---</subfield></datafield><datafield ind1="0" ind2="0" tag="050"><subfield code="a">PM6303</subfield><subfield code="b">.C56 1985</subfield></datafield><datafield ind1="0" ind2="0" tag="082"><subfield code="a">498/.3235</subfield><subfield code="2">20</subfield></datafield><datafield ind1="1" ind2="0" tag="100"><subfield code="a">Cole, Peter,</subfield><subfield code="d">1941-</subfield></datafield><datafield ind1="1" ind2="0" tag="245"><subfield code="a">Imbabura quechua /</subfield><subfield code="c">Peter Cole.</subfield></datafield><datafield ind1="0" ind2=" " tag="260"><subfield code="a">London ;</subfield><subfield code="a">Dover, N.H. :</subfield><subfield code="b">Croom Helm,</subfield><subfield code="c">c1985.</subfield></datafield><datafield ind1=" " ind2=" " tag="300"><subfield code="a">233 p. :</subfield><subfield code="b">ill. ;</subfield><subfield code="c">24 cm.</subfield></datafield><datafield ind1=" " ind2="0" tag="440"><subfield code="a">Croom Helm descriptive grammars</subfield></datafield><datafield ind1=" " ind2=" " tag="504"><subfield code="a">Includes bibliographical references (p. 231-233).</subfield></datafield><datafield ind1=" " ind2="0" tag="650"><subfield code="a">Quechua language</subfield><subfield code="x">Grammar.</subfield></datafield><datafield ind1=" " ind2="0" tag="650"><subfield code="a">Quechua language</subfield><subfield code="z">Ecuador</subfield><subfield code="z">Imbabura.</subfield></datafield><datafield ind1=" " ind2=" " tag="035"><subfield code="a">(TxDaGIAL)37741100010888</subfield></datafield><controlfield tag="005">20080624155856.0</controlfield><controlfield tag="001">4100</controlfield><controlfield tag="003">TxDaGIAL</controlfield><datafield ind1=" " ind2=" " tag="852"><subfield code="p">37741100010888</subfield><subfield code="a">Library</subfield><subfield code="x">COPYID:4876</subfield><subfield code="x">FSC@aRegular@c19960410</subfield><subfield code="h">498.3235 C689i 1982</subfield><subfield code="z">8247</subfield></datafield></record>