
<record><leader>00781nam a22002291  4500</leader><controlfield tag="008">940624s1993    xxua          000 0 eng d</controlfield><datafield ind1=" " ind2=" " tag="040"><subfield code="a">TxDaGIAL</subfield><subfield code="c">TxDaGIAL</subfield></datafield><datafield ind1=" " ind2="4" tag="082"><subfield code="a">499.1</subfield></datafield><datafield ind1="1" ind2=" " tag="100"><subfield code="a">Hesse, Ronald Gerhard.</subfield></datafield><datafield ind1="1" ind2="0" tag="245"><subfield code="a">Imyan Tehit phonology /</subfield><subfield code="c">by Ronald Gerhard Hesse.</subfield></datafield><datafield ind1=" " ind2=" " tag="260"><subfield code="c">1993.</subfield></datafield><datafield ind1=" " ind2=" " tag="300"><subfield code="a">x, 124 leaves :</subfield><subfield code="b">ill. ;</subfield><subfield code="c">28 cm.</subfield></datafield><datafield ind1=" " ind2=" " tag="502"><subfield code="a">Thesis (M.A.)--University of North Dakota, 1993.</subfield></datafield><datafield ind1=" " ind2=" " tag="504"><subfield code="a">Includes bibliographical references.</subfield></datafield><datafield ind1=" " ind2=" " tag="533"><subfield code="a">Photocopy reduction</subfield><subfield code="e">68 p.</subfield></datafield><datafield ind1=" " ind2="0" tag="650"><subfield code="a">Tehit language</subfield><subfield code="x">Phonology.</subfield></datafield><datafield ind1="2" ind2="0" tag="610"><subfield code="a">University of North Dakota.</subfield><subfield code="b">Graduate faculty.</subfield></datafield><datafield ind1=" " ind2=" " tag="035"><subfield code="a">(TxDaGIAL)37741100000033</subfield></datafield><controlfield tag="005">20080624155901.0</controlfield><controlfield tag="001">4127</controlfield><controlfield tag="003">TxDaGIAL</controlfield><datafield ind1=" " ind2=" " tag="852"><subfield code="p">37741100000033</subfield><subfield code="a">Library</subfield><subfield code="x">COPYID:4905</subfield><subfield code="x">FSC@aRegular@c19940902</subfield><subfield code="h">499.1 H587i 1993</subfield></datafield></record>