
<record><leader>01548nam a2200289 i 4500</leader><controlfield tag="008">760730s1956    inu           001 0 eng d</controlfield><datafield ind1=" " ind2=" " tag="040"><subfield code="a">TxDaGIAL</subfield><subfield code="c">TxDaGIAL</subfield></datafield><datafield ind1="0" ind2="0" tag="245"><subfield code="a">Indiana University Research Center in Anthropology, Folklore, and Linguistics publication no. 2-4.</subfield></datafield><datafield ind1=" " ind2=" " tag="260"><subfield code="a">Bloomington, Ind.,</subfield><subfield code="c">1956-57.</subfield></datafield><datafield ind1=" " ind2=" " tag="300"><subfield code="a">3 v. bound in 1 ;</subfield><subfield code="c">26 cm.</subfield></datafield><datafield ind1=" " ind2="0" tag="440"><subfield code="a">Indiana University publications.</subfield><subfield code="p">Slavic and East European series ;</subfield><subfield code="v">8</subfield></datafield><datafield ind1=" " ind2="0" tag="440"><subfield code="a">Studies in Cheremis ;</subfield><subfield code="v">4</subfield></datafield><datafield ind1=" " ind2=" " tag="500"><subfield code="a">International journal of American linguistics v. 22, no. 2, Part II; and v. 23, no. 1 (1957), Part II; and v. 23, no. 4 (1957), Part II.</subfield></datafield><datafield ind1="0" ind2=" " tag="505"><subfield code="a">2. Cheremis Derivation / by Eeva K. Minn -- 3. Bilateral network of social relations in K&#246;nk&#228;m&#228; Lapp Districs / by Robert N. Pehrson -- 4. Structural grammar of Albanian / by Leonard Neumark.</subfield></datafield><datafield ind1=" " ind2=" " tag="504"><subfield code="a">Includes bibliographies.</subfield></datafield><datafield ind1=" " ind2="0" tag="650"><subfield code="a">Mari language</subfield><subfield code="x">Suffixes and prefixes.</subfield></datafield><datafield ind1=" " ind2="0" tag="650"><subfield code="a">Albanian language</subfield><subfield code="x">Grammar.</subfield></datafield><datafield ind1="1" ind2="0" tag="700"><subfield code="a">Pehrson, Robert N.</subfield><subfield code="q">(Robert Niel).</subfield><subfield code="t">Bilateral network of social relations in K&#246;nk&#228;m&#228; Lapp District.</subfield></datafield><datafield ind1="1" ind2="0" tag="700"><subfield code="a">Newmark, Leonard.</subfield><subfield code="t">Structural grammar of Albanian.</subfield></datafield><datafield ind1="1" ind2="0" tag="700"><subfield code="a">Minn, Eeva Kangasmaa.</subfield><subfield code="t">Cheremis Derivation.</subfield></datafield><datafield ind1="4" ind2="2" tag="740"><subfield code="a">The bilateral network of social relations in K&#246;nk&#228;m&#228; Lapp District.</subfield></datafield><datafield ind1="0" ind2="1" tag="740"><subfield code="a">Structural grammar of Albanian.</subfield></datafield><datafield ind1=" " ind2=" " tag="035"><subfield code="a">(TxDaGIAL)37741100016140</subfield></datafield><controlfield tag="005">20080624155910.0</controlfield><controlfield tag="001">4177</controlfield><controlfield tag="003">TxDaGIAL</controlfield><datafield ind1=" " ind2=" " tag="852"><subfield code="p">37741100016140</subfield><subfield code="a">Library</subfield><subfield code="x">COPYID:4962</subfield><subfield code="x">FSC@aRegular@c19970324</subfield><subfield code="h">497.05 I61piu v.2-4 1956-57</subfield><subfield code="z">1968</subfield></datafield></record>