
<record><leader>00995cam a2200277 a 4500</leader><controlfield tag="008">880614s1989    nyu      d    00010 eng  </controlfield><datafield ind1=" " ind2=" " tag="010"><subfield code="a">   88021668</subfield></datafield><datafield ind1=" " ind2=" " tag="020"><subfield code="a">0801421276 (alk. paper)</subfield></datafield><datafield ind1=" " ind2=" " tag="040"><subfield code="a">DLC</subfield><subfield code="c">DLC</subfield><subfield code="d">DLC</subfield></datafield><datafield ind1="0" ind2=" " tag="041"><subfield code="a">engind</subfield></datafield><datafield ind1="0" ind2="0" tag="050"><subfield code="a">PL5076</subfield><subfield code="b">.E35 1989</subfield></datafield><datafield ind1="0" ind2="0" tag="082"><subfield code="a">499/.221321</subfield><subfield code="2">19</subfield></datafield><datafield ind1="1" ind2="0" tag="100"><subfield code="a">Echols, John M.</subfield></datafield><datafield ind1="1" ind2="3" tag="245"><subfield code="a">An Indonesian-English dictionary /</subfield><subfield code="c">by John M. Echols and Hassan Shadily.</subfield></datafield><datafield ind1=" " ind2=" " tag="250"><subfield code="a">3rd ed. /</subfield><subfield code="b">revised and edited by John U. Wolff and James T. Collins in cooperation with Hassan Shadily.</subfield></datafield><datafield ind1="0" ind2=" " tag="260"><subfield code="a">Ithaca :</subfield><subfield code="b">Cornell University Press,</subfield><subfield code="c">1989.</subfield></datafield><datafield ind1=" " ind2=" " tag="300"><subfield code="a">xix, 618 p. ;</subfield><subfield code="c">25 cm.</subfield></datafield><datafield ind1=" " ind2="0" tag="650"><subfield code="a">Indonesian language</subfield><subfield code="v">Dictionaries</subfield><subfield code="x">English.</subfield></datafield><datafield ind1="1" ind2="0" tag="700"><subfield code="a">Shadily, Hassan.</subfield></datafield><datafield ind1="1" ind2="0" tag="700"><subfield code="a">Wolff, John U.</subfield></datafield><datafield ind1="1" ind2="0" tag="700"><subfield code="a">Collins, James T.</subfield></datafield><datafield ind1=" " ind2=" " tag="035"><subfield code="a">(TxDaGIAL)37741200000078</subfield></datafield><controlfield tag="005">20080624155923.0</controlfield><controlfield tag="001">4241</controlfield><controlfield tag="003">TxDaGIAL</controlfield><datafield ind1=" " ind2=" " tag="852"><subfield code="p">37741200000078</subfield><subfield code="a">Library</subfield><subfield code="9">$39.50</subfield><subfield code="x">COPYID:5029</subfield><subfield code="x">FSC@aReference@c19951018</subfield><subfield code="h">REF 499.221321 E18i 1989</subfield><subfield code="z">B/T 11-90</subfield></datafield></record>