
<record><leader>00876nam a2200241 a 4500</leader><controlfield tag="008">820522s1980    io       b   f00010 eng  </controlfield><datafield ind1=" " ind2=" " tag="010"><subfield code="a">   81940199</subfield></datafield><datafield ind1=" " ind2=" " tag="040"><subfield code="a">DLC</subfield><subfield code="c">DLC</subfield><subfield code="d">TxDaGIAL</subfield></datafield><datafield ind1="0" ind2=" " tag="050"><subfield code="a">PL5071</subfield><subfield code="b">.A76 1980</subfield></datafield><datafield ind1="0" ind2=" " tag="082"><subfield code="a">499/.221</subfield><subfield code="2">19</subfield></datafield><datafield ind1="1" ind2="0" tag="100"><subfield code="a">Anwar, Khaidir.</subfield></datafield><datafield ind1="1" ind2="0" tag="245"><subfield code="a">Indonesian :</subfield><subfield code="b">the development and use of a national language /</subfield><subfield code="c">Khadir Anwar.</subfield></datafield><datafield ind1="0" ind2=" " tag="260"><subfield code="a">Yogyakarta :</subfield><subfield code="b">Gadjah Mada University Press,</subfield><subfield code="c">1980.</subfield></datafield><datafield ind1=" " ind2=" " tag="300"><subfield code="a">viii, 205 p. ;</subfield><subfield code="c">23 cm.</subfield></datafield><datafield ind1=" " ind2=" " tag="500"><subfield code="a">Revision of the author's thesis (Ph.D.--University of London, 1976)</subfield></datafield><datafield ind1=" " ind2=" " tag="504"><subfield code="a">Bibliography: p. 186-193.</subfield></datafield><datafield ind1=" " ind2="0" tag="650"><subfield code="a">Indonesian language</subfield><subfield code="x">History.</subfield></datafield><datafield ind1=" " ind2="0" tag="650"><subfield code="a">Indonesian language</subfield><subfield code="x">Social aspects.</subfield></datafield><datafield ind1=" " ind2=" " tag="035"><subfield code="a">(TxDaGIAL)37741100012295</subfield></datafield><controlfield tag="005">20080624155925.0</controlfield><controlfield tag="001">4244</controlfield><controlfield tag="003">TxDaGIAL</controlfield><datafield ind1=" " ind2=" " tag="852"><subfield code="p">37741100012295</subfield><subfield code="a">Library</subfield><subfield code="x">COPYID:5032</subfield><subfield code="x">FSC@aRegular@c19960708</subfield><subfield code="h">306.440958 A637i 1980</subfield><subfield code="z">9924</subfield></datafield></record>