
<record><leader>01011cam a2200241 a 4500</leader><controlfield tag="008">790919s1979    inu           000 0 eng d</controlfield><datafield ind1=" " ind2=" " tag="035"><subfield code="a">(CU-UC)934020</subfield></datafield><datafield ind1=" " ind2=" " tag="040"><subfield code="a">HDC</subfield><subfield code="c">HDC</subfield><subfield code="d">CU-SC</subfield><subfield code="d">TxDaGIAL</subfield></datafield><datafield ind1="1" ind2=" " tag="100"><subfield code="a">Travis, D. Ann.</subfield></datafield><datafield ind1="1" ind2="0" tag="245"><subfield code="a">Inflectional affixation in transformational grammar :</subfield><subfield code="b">evidence from the Arabic paradigm /</subfield><subfield code="c">by D. Ann Travis.</subfield></datafield><datafield ind1=" " ind2=" " tag="260"><subfield code="a">Bloomington :</subfield><subfield code="b">Indiana University Linguistics Club,</subfield><subfield code="c">1979.</subfield></datafield><datafield ind1=" " ind2=" " tag="300"><subfield code="a">x, 139 p. ;</subfield><subfield code="c">28 cm.</subfield></datafield><datafield ind1=" " ind2=" " tag="502"><subfield code="a">Originally presented as the author's thesis (Ph. D.-- University of North Carolina at Chapel Hill, 1976)</subfield></datafield><datafield ind1=" " ind2=" " tag="504"><subfield code="a">Bibliography: p. [131]-139.</subfield></datafield><datafield ind1=" " ind2="0" tag="650"><subfield code="a">Arabic language</subfield><subfield code="x">Grammar, Generative.</subfield></datafield><datafield ind1=" " ind2="0" tag="650"><subfield code="a">Arabic language</subfield><subfield code="x">Verb.</subfield></datafield><datafield ind1=" " ind2="0" tag="650"><subfield code="a">Grammar, Comparative and general</subfield><subfield code="x">Verb.</subfield></datafield><datafield ind1="2" ind2="0" tag="710"><subfield code="a">Indiana University (Bloomington campus).</subfield><subfield code="b">Linguistics Club.</subfield></datafield><datafield ind1=" " ind2=" " tag="035"><subfield code="a">(TxDaGIAL)37741100017903</subfield></datafield><controlfield tag="005">20080624155927.0</controlfield><controlfield tag="001">4252</controlfield><controlfield tag="003">TxDaGIAL</controlfield><datafield ind1=" " ind2=" " tag="852"><subfield code="p">37741100017903</subfield><subfield code="a">Library</subfield><subfield code="x">COPYID:5040</subfield><subfield code="x">FSC@aRegular@c19970515</subfield><subfield code="h">415 T782i 1979</subfield></datafield></record>