
<record><leader>00754nam a2200205 a 4500</leader><controlfield tag="008">971003s1987    txu           000 0 eng d</controlfield><datafield ind1=" " ind2=" " tag="040"><subfield code="a">TxDaGIAL</subfield><subfield code="c">TxDaGIAL</subfield></datafield><datafield ind1="1" ind2=" " tag="100"><subfield code="a">Pintusopon, Bussaba.</subfield></datafield><datafield ind1="1" ind2="4" tag="245"><subfield code="a">The influences of borrowed words on Thai society /</subfield><subfield code="c">by Bussaba Pintusopon.</subfield></datafield><datafield ind1=" " ind2=" " tag="260"><subfield code="c">1987.</subfield></datafield><datafield ind1=" " ind2=" " tag="300"><subfield code="a">[iv], 97 leaves ;</subfield><subfield code="c">28 cm.</subfield></datafield><datafield ind1=" " ind2=" " tag="502"><subfield code="a">Thesis (M.A.)--University of Texas at Arlington,1987.</subfield></datafield><datafield ind1=" " ind2=" " tag="504"><subfield code="a">Bibliography: leaves 96-97.</subfield></datafield><datafield ind1=" " ind2="0" tag="650"><subfield code="a">Thai language</subfield><subfield code="x">Foreign words and phrases.</subfield></datafield><datafield ind1="2" ind2="0" tag="610"><subfield code="a">University of Texas at Arlington</subfield><subfield code="x">Dissertations.</subfield></datafield><datafield ind1=" " ind2=" " tag="035"><subfield code="a">(TxDaGIAL)37741100020813</subfield></datafield><controlfield tag="005">20080624155928.0</controlfield><controlfield tag="001">4257</controlfield><controlfield tag="003">TxDaGIAL</controlfield><datafield ind1=" " ind2=" " tag="852"><subfield code="p">37741100020813</subfield><subfield code="a">Library</subfield><subfield code="x">COPYID:5045</subfield><subfield code="x">FSC@aRegular@c19971010</subfield><subfield code="h">495.91 P659i 1987</subfield><subfield code="z">13759</subfield></datafield></record>