
<record><leader>00926nam a2200265 i 4500</leader><controlfield tag="008">900211s1948    ne       b    00100 dutm </controlfield><datafield ind1=" " ind2=" " tag="010"><subfield code="a">   49028745</subfield></datafield><datafield ind1=" " ind2=" " tag="035"><subfield code="a">(CU-UC)dlaisn6127561</subfield></datafield><datafield ind1=" " ind2=" " tag="040"><subfield code="a">DLC</subfield><subfield code="c">IYU</subfield><subfield code="d">IYU</subfield><subfield code="d">m/c</subfield><subfield code="d">CUY</subfield></datafield><datafield ind1="1" ind2=" " tag="041"><subfield code="a">dut</subfield></datafield><datafield ind1="0" ind2=" " tag="050"><subfield code="a">PF73</subfield><subfield code="b">.L4 1948</subfield></datafield><datafield ind1="1" ind2="0" tag="100"><subfield code="a">Lecoutere, Charles Pierre Fran&#231;ois,</subfield><subfield code="d">1865-1921.</subfield></datafield><datafield ind1="1" ind2="0" tag="245"><subfield code="a">Inleiding tot de taalkunde en tot de geschiedenis van het Nederlands.</subfield></datafield><datafield ind1=" " ind2=" " tag="250"><subfield code="a">6. verb. en verm. druk /</subfield><subfield code="b">bewerkt door L. Grootaers.</subfield></datafield><datafield ind1="0" ind2=" " tag="260"><subfield code="a">Leuven :</subfield><subfield code="b">De Vlaamse Drukkerij,</subfield><subfield code="c">1948.</subfield></datafield><datafield ind1=" " ind2=" " tag="300"><subfield code="a">viii, 458 p. ;</subfield><subfield code="c">25 cm.</subfield></datafield><datafield ind1=" " ind2=" " tag="504"><subfield code="a">"Bibliographisch overzicht": p. [421]-446.</subfield></datafield><datafield ind1=" " ind2=" " tag="546"><subfield code="a">Dutch.</subfield></datafield><datafield ind1=" " ind2="0" tag="650"><subfield code="a">Dutch language.</subfield></datafield><datafield ind1="1" ind2="0" tag="700"><subfield code="a">Grootaers, L.</subfield><subfield code="q">(Ludovic),</subfield><subfield code="d">1885-1956.</subfield></datafield><datafield ind1=" " ind2=" " tag="035"><subfield code="a">(TxDaGIAL)37741100014069</subfield></datafield><controlfield tag="005">20080624155929.0</controlfield><controlfield tag="001">4264</controlfield><controlfield tag="003">TxDaGIAL</controlfield><datafield ind1=" " ind2=" " tag="852"><subfield code="p">37741100014069</subfield><subfield code="a">Library</subfield><subfield code="x">COPYID:5052</subfield><subfield code="x">FSC@aRegular@c19961203</subfield><subfield code="h">439.31 L468i 1948</subfield><subfield code="z">370</subfield></datafield></record>