
<record><leader>00749cam a2200193 a 4500</leader><controlfield tag="008">881031s1988    txua     b    00010 eng d</controlfield><datafield ind1=" " ind2=" " tag="040"><subfield code="a">TxDaGIAL</subfield><subfield code="c">TxDaGIAL</subfield></datafield><datafield ind1="1" ind2="0" tag="100"><subfield code="a">French, Koleen Matsuda.</subfield></datafield><datafield ind1="1" ind2="0" tag="245"><subfield code="a">Insights into Tagalog reduplication, infixation and stress from nonlinear phonology /</subfield><subfield code="c">by Koleen Matsuda French.</subfield></datafield><datafield ind1=" " ind2=" " tag="260"><subfield code="c">1988.</subfield></datafield><datafield ind1=" " ind2=" " tag="300"><subfield code="a">xv, 159 leaves :</subfield><subfield code="b">ill. ;</subfield><subfield code="c">29 cm.</subfield></datafield><datafield ind1=" " ind2=" " tag="504"><subfield code="a">Includes bibliographical references (p. 123-127).</subfield></datafield><datafield ind1=" " ind2=" " tag="502"><subfield code="a">Thesis (M.A.)--University of Texas at Arlington, 1988.</subfield></datafield><datafield ind1=" " ind2="0" tag="650"><subfield code="a">Tagalog language</subfield><subfield code="x">Phonology.</subfield></datafield><datafield ind1=" " ind2=" " tag="035"><subfield code="a">(TxDaGIAL)37741100011171</subfield></datafield><controlfield tag="005">20080624155930.0</controlfield><controlfield tag="001">4271</controlfield><controlfield tag="003">TxDaGIAL</controlfield><datafield ind1=" " ind2=" " tag="852"><subfield code="p">37741100011171</subfield><subfield code="a">Library</subfield><subfield code="x">COPYID:5062</subfield><subfield code="x">FSC@aRegular@c19960426</subfield><subfield code="h">499.2141 F874i 1988</subfield><subfield code="z">13337</subfield></datafield></record>