
<record><leader>00978cam a2200253 a 4500</leader><controlfield tag="008">880616s1988    hiu           000 0 eng  </controlfield><datafield ind1=" " ind2=" " tag="010"><subfield code="a">   88021779 //r97</subfield></datafield><datafield ind1=" " ind2=" " tag="020"><subfield code="a">093915448X (alk. paper) :</subfield><subfield code="c">$16.00</subfield></datafield><datafield ind1=" " ind2=" " tag="035"><subfield code="a">(DLC)   88021779 //r97</subfield></datafield><datafield ind1=" " ind2=" " tag="040"><subfield code="a">DLC</subfield><subfield code="c">DLC</subfield><subfield code="d">DLC</subfield><subfield code="d">TxDaGIAL</subfield></datafield><datafield ind1="0" ind2=" " tag="041"><subfield code="a">engton</subfield></datafield><datafield ind1="0" ind2="0" tag="050"><subfield code="a">PL6531</subfield><subfield code="b">.S5 1988</subfield></datafield><datafield ind1="0" ind2="0" tag="082"><subfield code="a">496/.4</subfield></datafield><datafield ind1="1" ind2=" " tag="100"><subfield code="a">Shumway, Eric B.</subfield></datafield><datafield ind1="1" ind2="0" tag="245"><subfield code="a">Intensive course in Tongan :</subfield><subfield code="b">with numerous supplementary materials, grammatical notes, and glossary /</subfield><subfield code="c">Eric B. Shumway.</subfield></datafield><datafield ind1=" " ind2=" " tag="250"><subfield code="a">Rev. ed.</subfield></datafield><datafield ind1=" " ind2=" " tag="260"><subfield code="a">Laie, Hawaii :</subfield><subfield code="b">Institute for Polynesian Studies, Brigham Young University-Hawaii,</subfield><subfield code="c">c1988.</subfield></datafield><datafield ind1=" " ind2=" " tag="300"><subfield code="a">xxiii, 760 p. ;</subfield><subfield code="c">23 cm.</subfield></datafield><datafield ind1=" " ind2="0" tag="650"><subfield code="a">Tongan language</subfield><subfield code="v">Textbooks for foreign speakers</subfield><subfield code="x">English.</subfield></datafield><datafield ind1=" " ind2=" " tag="035"><subfield code="a">(TxDaGIAL)37741100021100</subfield></datafield><controlfield tag="005">20080624155934.0</controlfield><controlfield tag="001">4292</controlfield><controlfield tag="003">TxDaGIAL</controlfield><datafield ind1=" " ind2=" " tag="852"><subfield code="p">37741100021100</subfield><subfield code="a">Library</subfield><subfield code="9">$28.50</subfield><subfield code="x">FUND:Ling</subfield><subfield code="x">COPYID:5087</subfield><subfield code="x">FSC@aRegular@c19971017</subfield><subfield code="h">499.48 S562i 1988</subfield><subfield code="z">Dir. Cellar 9-97</subfield></datafield></record>