
<record><leader>00921nam a2200229 i 4500</leader><controlfield tag="008">960513s1958    xxu           000 0 eng d</controlfield><datafield ind1=" " ind2=" " tag="040"><subfield code="a">TxDaGIAL</subfield><subfield code="c">TxDaGIAL</subfield></datafield><datafield ind1="1" ind2=" " tag="041"><subfield code="a">tageng</subfield></datafield><datafield ind1="0" ind2="4" tag="082"><subfield code="a">499.241</subfield></datafield><datafield ind1="0" ind2="0" tag="245"><subfield code="a">Intensive Tagalog conversation course /</subfield><subfield code="c">Elmer Wolfenden, Jr., Rufino Alejandro, editors.</subfield></datafield><datafield ind1=" " ind2=" " tag="250"><subfield code="a">2nd ed.</subfield></datafield><datafield ind1=" " ind2=" " tag="260"><subfield code="a">[S.l.] :</subfield><subfield code="b">The Summer Institute of Linguistics of The University of North Dakota and The Institute of National Language of The Department of Education, Philippines,</subfield><subfield code="c">1958.</subfield></datafield><datafield ind1=" " ind2=" " tag="300"><subfield code="a">60, [viii], 109 p. ;</subfield><subfield code="c">27 cm.</subfield></datafield><datafield ind1="0" ind2=" " tag="505"><subfield code="a">Part 1. Conversations -- Part 2. Grammar lectures.</subfield></datafield><datafield ind1=" " ind2="0" tag="650"><subfield code="a">Tagalog language</subfield><subfield code="x">Study and teaching.</subfield></datafield><datafield ind1="1" ind2="0" tag="700"><subfield code="a">Wolfenden, Elmer P.</subfield></datafield><datafield ind1="1" ind2="0" tag="700"><subfield code="a">Alejandro, Rufino.</subfield></datafield><datafield ind1=" " ind2=" " tag="035"><subfield code="a">(TxDaGIAL)37741100011365</subfield></datafield><controlfield tag="005">20080624155934.0</controlfield><controlfield tag="001">4293</controlfield><controlfield tag="003">TxDaGIAL</controlfield><datafield ind1=" " ind2=" " tag="852"><subfield code="p">37741100011365</subfield><subfield code="a">Library</subfield><subfield code="x">COPYID:5088</subfield><subfield code="x">FSC@aRegular@c19960513</subfield><subfield code="h">499.2141 W855i 1958</subfield></datafield></record>