
<record><leader>00774nam a2200217 a 4500</leader><controlfield tag="008">840730s1983    ja a          00010 eng  </controlfield><datafield ind1=" " ind2=" " tag="010"><subfield code="a">   84192318</subfield></datafield><datafield ind1=" " ind2=" " tag="040"><subfield code="a">DLC</subfield><subfield code="c">DLC</subfield></datafield><datafield ind1=" " ind2=" " tag="043"><subfield code="a">f-ua---</subfield></datafield><datafield ind1="0" ind2=" " tag="050"><subfield code="a">PJ6779</subfield><subfield code="b">.E5 1983</subfield></datafield><datafield ind1="0" ind2=" " tag="082"><subfield code="a">492/.782421</subfield><subfield code="2">19</subfield></datafield><datafield ind1="1" ind2="0" tag="100"><subfield code="a">El-Araby, Salah A.</subfield></datafield><datafield ind1="1" ind2="0" tag="245"><subfield code="a">Intermediate Egyptian Arabic :</subfield><subfield code="b">an integrative approach /</subfield><subfield code="c">Salah A. El-Araby.</subfield></datafield><datafield ind1="0" ind2=" " tag="260"><subfield code="a">Tokyo, Japan :</subfield><subfield code="b">Institute for the Study of Languages and Cultures of Asia &amp; Africa,</subfield><subfield code="c">1983.</subfield></datafield><datafield ind1=" " ind2=" " tag="300"><subfield code="a">v, 135 p. :</subfield><subfield code="b">ill. ;</subfield><subfield code="c">26 cm.</subfield></datafield><datafield ind1=" " ind2="0" tag="650"><subfield code="a">Arabic language</subfield><subfield code="x">Dialects</subfield><subfield code="z">Egypt</subfield><subfield code="x">Grammar.</subfield></datafield><datafield ind1=" " ind2=" " tag="035"><subfield code="a">(TxDaGIAL)37741100007674</subfield></datafield><controlfield tag="005">20080624155942.0</controlfield><controlfield tag="001">4318</controlfield><controlfield tag="003">TxDaGIAL</controlfield><datafield ind1=" " ind2=" " tag="852"><subfield code="p">37741100007674</subfield><subfield code="a">Library</subfield><subfield code="x">COPYID:5116</subfield><subfield code="x">FSC@aRegular@c19950906</subfield><subfield code="h">492.782421 E37i 1983</subfield><subfield code="z">10633</subfield></datafield></record>