
<record><leader>00877nam a22002531  4500</leader><controlfield tag="008">940711s1980    nyu           001 0 mul d</controlfield><datafield ind1=" " ind2=" " tag="010"><subfield code="a">80-130461 r90</subfield></datafield><datafield ind1=" " ind2=" " tag="020"><subfield code="z">087727500x (pbk) (invalid)</subfield></datafield><datafield ind1=" " ind2=" " tag="040"><subfield code="a">DLC</subfield><subfield code="c">DLC</subfield><subfield code="d">TxDaGIAL</subfield></datafield><datafield ind1="0" ind2=" " tag="041"><subfield code="a">engvie</subfield></datafield><datafield ind1=" " ind2=" " tag="050"><subfield code="a">PL4375</subfield><subfield code="b">.H8 1980</subfield></datafield><datafield ind1=" " ind2=" " tag="082"><subfield code="a">495.9/92283241</subfield><subfield code="2">19</subfield></datafield><datafield ind1="1" ind2=" " tag="100"><subfield code="a">Huffman, Franklin E.</subfield></datafield><datafield ind1="1" ind2="0" tag="245"><subfield code="a">Intermediate spoken Vietnamese /</subfield><subfield code="c">Franklin E. Huffman and Tran Trong Hai.</subfield></datafield><datafield ind1=" " ind2=" " tag="260"><subfield code="a">Ithaca, N.Y. :</subfield><subfield code="b">Southeast Asia Program, Cornell University,</subfield><subfield code="c">c1980.</subfield></datafield><datafield ind1=" " ind2=" " tag="300"><subfield code="a">xii, 401 p. ;</subfield><subfield code="c">23 cm.</subfield></datafield><datafield ind1=" " ind2=" " tag="504"><subfield code="a">Includes bibliography and index.</subfield></datafield><datafield ind1=" " ind2="0" tag="650"><subfield code="a">Vietnamese language</subfield><subfield code="x">Spoken Vietnamese.</subfield></datafield><datafield ind1="1" ind2="0" tag="700"><subfield code="a">Tr&#768;&#226;n, Tr&#7885;ng H&#777;ai.</subfield></datafield><datafield ind1=" " ind2=" " tag="035"><subfield code="a">(TxDaGIAL)37741100000061</subfield></datafield><controlfield tag="005">20080624155942.0</controlfield><controlfield tag="001">4319</controlfield><controlfield tag="003">TxDaGIAL</controlfield><datafield ind1=" " ind2=" " tag="852"><subfield code="p">37741100000061</subfield><subfield code="a">Library</subfield><subfield code="x">COPYID:5117</subfield><subfield code="x">FSC@aRegular@c19940711</subfield><subfield code="h">495.9228 H889 1980</subfield></datafield></record>