
<record><leader>01072cam a2200265 a 4500</leader><controlfield tag="008">870217s1985    io       b    00010 eng  </controlfield><datafield ind1=" " ind2=" " tag="010"><subfield code="a">   86945155 //r88</subfield></datafield><datafield ind1=" " ind2=" " tag="020"><subfield code="c">Rp. 8200 (pbk. : $11.50 U.S. : per vol.)</subfield></datafield><datafield ind1=" " ind2=" " tag="040"><subfield code="a">DLC</subfield><subfield code="c">DLC</subfield><subfield code="d">TxDaGIAL</subfield></datafield><datafield ind1="0" ind2=" " tag="050"><subfield code="a">PL5073</subfield><subfield code="b">.M33 1985</subfield></datafield><datafield ind1="0" ind2=" " tag="082"><subfield code="a">499/.2212</subfield><subfield code="2">19</subfield></datafield><datafield ind1="1" ind2="0" tag="100"><subfield code="a">McCune, Keith Michael.</subfield></datafield><datafield ind1="1" ind2="4" tag="245"><subfield code="a">The internal structure of Indonesian roots /</subfield><subfield code="c">by Keith Michael McCune.</subfield></datafield><datafield ind1="0" ind2=" " tag="260"><subfield code="a">Jakarta :</subfield><subfield code="b">Badan Penyelenggara Seri Nusa, Universitas Katolik Indonesia Atma Jaya,</subfield><subfield code="c">1985.</subfield></datafield><datafield ind1=" " ind2=" " tag="300"><subfield code="a">2 v. (iv, 412 p.) ;</subfield><subfield code="c">27 cm.</subfield></datafield><datafield ind1=" " ind2="0" tag="440"><subfield code="a">Nusa,</subfield><subfield code="x">0126-2874 ;</subfield><subfield code="v">v. 21/22-23</subfield></datafield><datafield ind1=" " ind2=" " tag="504"><subfield code="a">Bibliography: v. 1, p. 218-232.</subfield></datafield><datafield ind1=" " ind2="0" tag="650"><subfield code="a">Indonesian language</subfield><subfield code="x">Roots.</subfield></datafield><datafield ind1=" " ind2="0" tag="650"><subfield code="a">Indonesian language</subfield><subfield code="x">Morphemics.</subfield></datafield><datafield ind1=" " ind2=" " tag="035"><subfield code="a">(TxDaGIAL)37741100012322</subfield></datafield><controlfield tag="005">20080624155943.0</controlfield><controlfield tag="001">4321</controlfield><controlfield tag="003">TxDaGIAL</controlfield><datafield ind1=" " ind2=" " tag="852"><subfield code="p">37741100012322</subfield><subfield code="a">Library</subfield><subfield code="x">COPYID:5119</subfield><subfield code="x">FSC@aRegular@c19960708</subfield><subfield code="h">499.221 M133i vol.1 1985</subfield><subfield code="z">s.o. 12579</subfield></datafield><datafield ind1=" " ind2=" " tag="852"><subfield code="p">37741100012323</subfield><subfield code="a">Library</subfield><subfield code="x">COPYID:5120</subfield><subfield code="x">FSC@aRegular@c19960708</subfield><subfield code="h">499.221 M133i vol.2 1985</subfield><subfield code="z">s.o. 12764</subfield></datafield></record>