
<record><leader>00916nam a2200229 i 4500</leader><controlfield tag="008">960705s1983    miu           000 0 eng d</controlfield><datafield ind1=" " ind2=" " tag="040"><subfield code="a">TxDaGIAL</subfield><subfield code="c">TxDaGIAL</subfield></datafield><datafield ind1="1" ind2=" " tag="100"><subfield code="a">McCune, Keith Michael.</subfield></datafield><datafield ind1="1" ind2="4" tag="245"><subfield code="a">The internal structure of Indonesian roots /</subfield><subfield code="c">by Keith Michael McCune.</subfield></datafield><datafield ind1=" " ind2=" " tag="260"><subfield code="c">1983.</subfield></datafield><datafield ind1=" " ind2=" " tag="300"><subfield code="a">2 v. (xix, 969 p.) :</subfield><subfield code="b">charts ;</subfield><subfield code="c">28 cm.</subfield></datafield><datafield ind1=" " ind2=" " tag="502"><subfield code="a">Thesis (Ph.D.)--University of Michigan, 1983.</subfield></datafield><datafield ind1=" " ind2=" " tag="504"><subfield code="a">Bibliography: p. 505-527.</subfield></datafield><datafield ind1=" " ind2="0" tag="650"><subfield code="a">Indonesian language</subfield><subfield code="x">Roots.</subfield></datafield><datafield ind1=" " ind2="0" tag="650"><subfield code="a">Indonesian language</subfield><subfield code="x">Morphemics.</subfield></datafield><datafield ind1="2" ind2="0" tag="610"><subfield code="a">University of Michigan</subfield><subfield code="x">Thesis.</subfield></datafield><datafield ind1=" " ind2=" " tag="035"><subfield code="a">(TxDaGIAL)37741100012326</subfield></datafield><controlfield tag="005">20080624155943.0</controlfield><controlfield tag="001">4322</controlfield><controlfield tag="003">TxDaGIAL</controlfield><datafield ind1=" " ind2=" " tag="852"><subfield code="p">37741100012326</subfield><subfield code="a">Library</subfield><subfield code="9">$0.00</subfield><subfield code="x">COPYID:5121</subfield><subfield code="x">FSC@aRegular@c19960703</subfield><subfield code="h">499.221 M133i vol.1 1983</subfield><subfield code="z">author gift</subfield></datafield><datafield ind1=" " ind2=" " tag="852"><subfield code="p">37741100012327</subfield><subfield code="a">Library</subfield><subfield code="9">$0.00</subfield><subfield code="x">COPYID:5122</subfield><subfield code="x">FSC@aRegular@c19960703</subfield><subfield code="h">499.221 M133i 1983 vol.2</subfield><subfield code="z">author gift</subfield></datafield></record>