
<record><leader>00908cam a2200253   4500</leader><controlfield tag="008">950316s1983    xx a     bm   000 0 eng d</controlfield><datafield ind1=" " ind2=" " tag="040"><subfield code="a">TxArU</subfield><subfield code="c">TxArU</subfield><subfield code="d">TxDaGIAL</subfield></datafield><datafield ind1="0" ind2=" " tag="041"><subfield code="a">engnic</subfield></datafield><datafield ind1="0" ind2="4" tag="082"><subfield code="a">496/.36/4</subfield><subfield code="2">21</subfield></datafield><datafield ind1=" " ind2=" " tag="094"><subfield code="a">ann00</subfield><subfield code="2">ROPAL</subfield></datafield><datafield ind1="1" ind2=" " tag="100"><subfield code="a">Aaron, Uche Ekereawaji,</subfield><subfield code="d">1952-</subfield></datafield><datafield ind1="1" ind2="0" tag="245"><subfield code="a">Interpropositional relations in Obolo /</subfield><subfield code="c">by Uche Ekereawaji Aaron.</subfield></datafield><datafield ind1=" " ind2=" " tag="260"><subfield code="c">1983.</subfield></datafield><datafield ind1=" " ind2=" " tag="300"><subfield code="a">xii, 177 leaves :</subfield><subfield code="b">ill. ;</subfield><subfield code="c">29 cm.</subfield></datafield><datafield ind1=" " ind2=" " tag="502"><subfield code="a">Thesis (M.A.) -- University of Texas at Arlington, 1983.</subfield></datafield><datafield ind1=" " ind2=" " tag="504"><subfield code="a">Includes bibliographical references ( leaves 172-177).</subfield></datafield><datafield ind1=" " ind2="0" tag="650"><subfield code="a">Obolo language</subfield><subfield code="x">Discourse analysis.</subfield></datafield><datafield ind1=" " ind2="0" tag="650"><subfield code="a">Ano (African people)</subfield><subfield code="x">Languages.</subfield></datafield><datafield ind1=" " ind2="0" tag="651"><subfield code="a">Nigeria</subfield><subfield code="x">Languages.</subfield></datafield><datafield ind1=" " ind2=" " tag="035"><subfield code="a">(TxDaGIAL)37741100002396</subfield></datafield><controlfield tag="005">20080624155953.0</controlfield><controlfield tag="001">4367</controlfield><controlfield tag="003">TxDaGIAL</controlfield><datafield ind1=" " ind2=" " tag="852"><subfield code="p">37741100002396</subfield><subfield code="a">Library</subfield><subfield code="9">$0.00</subfield><subfield code="x">COPYID:5188</subfield><subfield code="x">FSC@aRegular@c19991101</subfield><subfield code="h">496.364 A113i 1983</subfield><subfield code="z">gift author</subfield></datafield></record>