
<record><leader>00884nam a2200217 a 4500</leader><controlfield tag="008">970702s1980    txu           000 0 eng d</controlfield><datafield ind1=" " ind2=" " tag="040"><subfield code="a">TxDaGIAL</subfield><subfield code="c">TxDaGIAL</subfield></datafield><datafield ind1="1" ind2=" " tag="100"><subfield code="a">Woods, Frances.</subfield></datafield><datafield ind1="1" ind2="4" tag="245"><subfield code="a">The interrelationship of cultural information, linguistic structure, and symbolic representations in a Halbi myth /</subfield><subfield code="c">by Frances Margaret Woods.</subfield></datafield><datafield ind1=" " ind2=" " tag="260"><subfield code="c">1980.</subfield></datafield><datafield ind1=" " ind2=" " tag="300"><subfield code="a">xi, 380 leaves :</subfield><subfield code="b">charts ;</subfield><subfield code="c">29 cm.</subfield></datafield><datafield ind1=" " ind2=" " tag="502"><subfield code="a">Thesis (Ph.D.)--University of Texas at Arlington, 1980.</subfield></datafield><datafield ind1=" " ind2=" " tag="504"><subfield code="a">Bibliography : leaves 372-383.</subfield></datafield><datafield ind1=" " ind2="0" tag="650"><subfield code="a">Halbi language</subfield><subfield code="x">Discourse analysis.</subfield></datafield><datafield ind1=" " ind2="0" tag="650"><subfield code="a">Mythology, Asian</subfield><subfield code="z">India.</subfield></datafield><datafield ind1="2" ind2="0" tag="610"><subfield code="a">University of Texas at Arlington</subfield><subfield code="x">Dissertations.</subfield></datafield><datafield ind1=" " ind2=" " tag="035"><subfield code="a">(TxDaGIAL)37741100018805</subfield></datafield><controlfield tag="005">20080624155953.0</controlfield><controlfield tag="001">4368</controlfield><controlfield tag="003">TxDaGIAL</controlfield><datafield ind1=" " ind2=" " tag="852"><subfield code="p">37741100018805</subfield><subfield code="a">Library</subfield><subfield code="9">$0.00</subfield><subfield code="x">COPYID:5189</subfield><subfield code="x">FSC@aRegular@c19970703</subfield><subfield code="h">398.209545 W894i 1980</subfield><subfield code="z">author gift</subfield></datafield></record>