
<record><leader>00829nam a2200229Ii 4500</leader><controlfield tag="008">790312m19371954sw a          00010 ger d</controlfield><datafield ind1=" " ind2=" " tag="035"><subfield code="a">(CU-UC)3238971</subfield></datafield><datafield ind1=" " ind2=" " tag="040"><subfield code="a">BNG</subfield><subfield code="c">BNG</subfield><subfield code="d">CLU</subfield></datafield><datafield ind1="1" ind2="0" tag="100"><subfield code="a">Meyer, Ernst Alfred,</subfield><subfield code="d">1873-</subfield></datafield><datafield ind1="1" ind2="4" tag="245"><subfield code="a">Die Intonation im Schwedischen /</subfield><subfield code="c">von Ernst A. Meyer.</subfield></datafield><datafield ind1="0" ind2=" " tag="260"><subfield code="a">Stockholm :</subfield><subfield code="b">C. E. Fritze,</subfield><subfield code="c">1937.</subfield></datafield><datafield ind1=" " ind2=" " tag="300"><subfield code="a">v. 1 :</subfield><subfield code="b">ill. ;</subfield><subfield code="c">25 cm.</subfield></datafield><datafield ind1=" " ind2=" " tag="500"><subfield code="a">Vol. 2 published by Almqvist &amp; Wiksell, Uppsala.</subfield></datafield><datafield ind1="0" ind2=" " tag="505"><subfield code="a">T. 1. Die Sveamundarten.-T. 2. Die norrl&#228;ndischen Mundarten.  Anhang: Ostschwedisch.</subfield></datafield><datafield ind1=" " ind2=" " tag="546"><subfield code="a">German.</subfield></datafield><datafield ind1=" " ind2=" " tag="590"><subfield code="a">Library has vol. 1 only.</subfield></datafield><datafield ind1=" " ind2="0" tag="650"><subfield code="a">Swedish language</subfield><subfield code="x">Intonation.</subfield></datafield><datafield ind1=" " ind2=" " tag="035"><subfield code="a">(TxDaGIAL)37741100018444</subfield></datafield><controlfield tag="005">20080624155955.0</controlfield><controlfield tag="001">4375</controlfield><controlfield tag="003">TxDaGIAL</controlfield><datafield ind1=" " ind2=" " tag="852"><subfield code="p">37741100018444</subfield><subfield code="a">Library</subfield><subfield code="x">COPYID:5196</subfield><subfield code="x">FSC@aRegular@c19970619</subfield><subfield code="h">439.7 M612i 1937</subfield><subfield code="z">106</subfield></datafield></record>