
<record><leader>01096nam a2200277 a 4500</leader><controlfield tag="008">840321s1981    at a     b    00010 eng  </controlfield><datafield ind1=" " ind2=" " tag="010"><subfield code="a">   83140330</subfield></datafield><datafield ind1=" " ind2=" " tag="020"><subfield code="a">0858832461 (pbk.) :</subfield><subfield code="c">$12.50</subfield></datafield><datafield ind1=" " ind2=" " tag="040"><subfield code="a">DLC</subfield><subfield code="c">DLC</subfield><subfield code="d">TxDaGIAL</subfield></datafield><datafield ind1="0" ind2=" " tag="050"><subfield code="a">PL5073</subfield><subfield code="b">.H32 1981</subfield></datafield><datafield ind1="0" ind2=" " tag="082"><subfield code="a">499/.22116</subfield><subfield code="2">19</subfield></datafield><datafield ind1="1" ind2="0" tag="100"><subfield code="a">Halim, Amran.</subfield></datafield><datafield ind1="1" ind2="0" tag="245"><subfield code="a">Intonation in relation to syntax in Indonesian /</subfield><subfield code="c">by Amran Halim.</subfield></datafield><datafield ind1="0" ind2=" " tag="260"><subfield code="a">Canberra, A.C.T., Australia :</subfield><subfield code="b">Dept. of Linguistics, Research School of Pacific Studies, Australian National University,</subfield><subfield code="c">1981.</subfield></datafield><datafield ind1=" " ind2=" " tag="300"><subfield code="a">vii, 149, 15 p. :</subfield><subfield code="b">ill. ;</subfield><subfield code="c">25 cm.</subfield></datafield><datafield ind1=" " ind2="0" tag="440"><subfield code="a">Pacific linguistics.</subfield><subfield code="n">Series D ;</subfield><subfield code="v">no. 36</subfield></datafield><datafield ind1=" " ind2="0" tag="440"><subfield code="a">Materials in languages of Indonesia ;</subfield><subfield code="v">no. 5</subfield></datafield><datafield ind1=" " ind2=" " tag="502"><subfield code="a">Thesis (Ph.D.)--University of Michigan, Ann Arbor.</subfield></datafield><datafield ind1=" " ind2=" " tag="504"><subfield code="a">Bibliography: p. 145-149.</subfield></datafield><datafield ind1=" " ind2="0" tag="650"><subfield code="a">Indonesian language</subfield><subfield code="x">Intonation.</subfield></datafield><datafield ind1=" " ind2="0" tag="650"><subfield code="a">Indonesian language</subfield><subfield code="x">Syntax.</subfield></datafield><datafield ind1=" " ind2=" " tag="035"><subfield code="a">(TxDaGIAL)37741100012313</subfield></datafield><controlfield tag="005">20080624155956.0</controlfield><controlfield tag="001">4377</controlfield><controlfield tag="003">TxDaGIAL</controlfield><datafield ind1=" " ind2=" " tag="852"><subfield code="p">37741100012313</subfield><subfield code="a">Library</subfield><subfield code="x">COPYID:5198</subfield><subfield code="x">FSC@aRegular@c19960708</subfield><subfield code="h">499.22116 H173i 1981</subfield><subfield code="z">s.o. 8875</subfield></datafield></record>