
<record><leader>00695nam a2200205 a 4500</leader><controlfield tag="008">850508s1966    pe a     b   f00010 spa  </controlfield><datafield ind1=" " ind2=" " tag="040"><subfield code="a">TxDaGIAL</subfield><subfield code="c">TxDaGIAL</subfield></datafield><datafield ind1="0" ind2=" " tag="041"><subfield code="a">spapor</subfield></datafield><datafield ind1="0" ind2="4" tag="082"><subfield code="a">469</subfield><subfield code="2">21</subfield></datafield><datafield ind1="1" ind2="0" tag="100"><subfield code="a">Zierer, Ernesto.</subfield></datafield><datafield ind1="1" ind2="0" tag="245"><subfield code="a">Introduccion a la lengua Portuguesa /</subfield><subfield code="c">por Ernesto Zierer.</subfield></datafield><datafield ind1="0" ind2=" " tag="260"><subfield code="a">Trujillo, Per&#250; :</subfield><subfield code="b">Universidad Nacional de Trujillo, Departamento de Idiomas y Ling&#252;&#237;stica,</subfield><subfield code="c">1966.</subfield></datafield><datafield ind1=" " ind2=" " tag="300"><subfield code="a">90 p. ;</subfield><subfield code="c">21 cm.</subfield></datafield><datafield ind1=" " ind2=" " tag="546"><subfield code="a">Spanish and Portuguese.</subfield></datafield><datafield ind1=" " ind2="0" tag="650"><subfield code="a">Portuguese language.</subfield></datafield><datafield ind1=" " ind2=" " tag="035"><subfield code="a">(TxDaGIAL)37741100020698</subfield></datafield><controlfield tag="005">20080624155956.0</controlfield><controlfield tag="001">4382</controlfield><controlfield tag="003">TxDaGIAL</controlfield><datafield ind1=" " ind2=" " tag="852"><subfield code="p">37741100020698</subfield><subfield code="a">Library</subfield><subfield code="x">COPYID:5204</subfield><subfield code="x">FSC@aRegular@c19970930</subfield><subfield code="h">469 Z67i 1966</subfield></datafield></record>