
<record><leader>00854nam a2200241 i 4500</leader><controlfield tag="008">770908s1977    oku          s00010 eng  </controlfield><datafield ind1=" " ind2=" " tag="010"><subfield code="a">   77152532</subfield></datafield><datafield ind1=" " ind2=" " tag="040"><subfield code="a">DLC</subfield><subfield code="c">DLC</subfield></datafield><datafield ind1="0" ind2=" " tag="050"><subfield code="a">PM872</subfield><subfield code="b">.J3</subfield></datafield><datafield ind1=" " ind2=" " tag="082"><subfield code="a">497/.5</subfield></datafield><datafield ind1="1" ind2="0" tag="100"><subfield code="a">Jacob, Betty.</subfield></datafield><datafield ind1="1" ind2="0" tag="245"><subfield code="a">Introduction to Choctaw /</subfield><subfield code="c">by Betty Jacob, Dale Nicklas, and Betty Lou Spencer.</subfield></datafield><datafield ind1="0" ind2=" " tag="260"><subfield code="a">Durant :</subfield><subfield code="b">Choctaw Bilingual Education Program, Southeastern Oklahoma State University,</subfield><subfield code="c">1977.</subfield></datafield><datafield ind1=" " ind2=" " tag="300"><subfield code="a">xx, 224 p. ;</subfield><subfield code="c">28 cm.</subfield></datafield><datafield ind1=" " ind2=" " tag="590"><subfield code="a">Inscribed to Dr. Pike by author.</subfield></datafield><datafield ind1=" " ind2="0" tag="650"><subfield code="a">Choctaw language</subfield><subfield code="x">Grammar.</subfield></datafield><datafield ind1="1" ind2="0" tag="700"><subfield code="a">Nicklas, Dale,</subfield><subfield code="e">joint author.</subfield></datafield><datafield ind1="1" ind2="0" tag="700"><subfield code="a">Spencer, Betty Lou,</subfield><subfield code="e">joint author.</subfield></datafield><datafield ind1=" " ind2=" " tag="035"><subfield code="a">(TxDaGIAL)37741100007117</subfield></datafield><controlfield tag="005">20080624160000.0</controlfield><controlfield tag="001">4395</controlfield><controlfield tag="003">TxDaGIAL</controlfield><datafield ind1=" " ind2=" " tag="852"><subfield code="p">37741100007117</subfield><subfield code="a">Library</subfield><subfield code="x">COPYID:5219</subfield><subfield code="x">FSC@aRegular@c19950823</subfield><subfield code="h">497.382 J15i 1977</subfield><subfield code="z">5857</subfield></datafield></record>