
<record><leader>00892nam a2200229 a 4500</leader><controlfield tag="008">970412s1991    txuab         000 0 eng d</controlfield><datafield ind1=" " ind2=" " tag="040"><subfield code="a">TxDaGIAL</subfield><subfield code="c">TxDaGIAL</subfield></datafield><datafield ind1=" " ind2=" " tag="094"><subfield code="a">pgu00</subfield><subfield code="2">ROPAL</subfield></datafield><datafield ind1="1" ind2=" " tag="100"><subfield code="a">Wimbish, Sandra G.</subfield></datafield><datafield ind1="1" ind2="3" tag="245"><subfield code="a">An introduction to Pagu through the analysis of narrative discourse /</subfield><subfield code="c">by Sandra Gay Wimbish.</subfield></datafield><datafield ind1=" " ind2=" " tag="260"><subfield code="c">1991.</subfield></datafield><datafield ind1=" " ind2=" " tag="300"><subfield code="a">x, 129 leaves :</subfield><subfield code="b">ill., map ;</subfield><subfield code="c">28 cm.</subfield></datafield><datafield ind1=" " ind2=" " tag="502"><subfield code="a">Thesis (M.A.)--University of Texas at Arlington, 1991.</subfield></datafield><datafield ind1=" " ind2=" " tag="504"><subfield code="a">Bibliography : leaves 127-129.</subfield></datafield><datafield ind1=" " ind2="0" tag="651"><subfield code="a">Maluku (Indonesia)</subfield><subfield code="x">Languages.</subfield></datafield><datafield ind1=" " ind2="0" tag="650"><subfield code="a">Pagu language</subfield><subfield code="x">Discourse analysis.</subfield></datafield><datafield ind1="2" ind2="0" tag="610"><subfield code="a">University of Texas at Arlington.</subfield><subfield code="b">Graduate School</subfield><subfield code="x">Dissertations.</subfield></datafield><datafield ind1=" " ind2=" " tag="035"><subfield code="a">(TxDaGIAL)37741100016747</subfield></datafield><controlfield tag="005">20080624160006.0</controlfield><controlfield tag="001">4430</controlfield><controlfield tag="003">TxDaGIAL</controlfield><datafield ind1=" " ind2=" " tag="852"><subfield code="p">37741100016747</subfield><subfield code="a">Library</subfield><subfield code="9">$0.00</subfield><subfield code="x">COPYID:5266</subfield><subfield code="x">FSC@aRegular@c19970414</subfield><subfield code="h">499.224 W757i 1991</subfield><subfield code="z">Author gift 6-91</subfield></datafield></record>