
<record><leader>01147cam a2200301   4500</leader><controlfield tag="008">700114s1969    txua          00110 eng  </controlfield><datafield ind1=" " ind2=" " tag="010"><subfield code="a">   74097829 //r903</subfield></datafield><datafield ind1=" " ind2=" " tag="020"><subfield code="a">0292700199</subfield></datafield><datafield ind1=" " ind2=" " tag="020"><subfield code="c">10.00</subfield></datafield><datafield ind1=" " ind2=" " tag="040"><subfield code="a">DLC</subfield><subfield code="c">DLC</subfield><subfield code="d">DLC</subfield><subfield code="d">TxU</subfield></datafield><datafield ind1="0" ind2=" " tag="041"><subfield code="a">engque</subfield></datafield><datafield ind1=" " ind2=" " tag="043"><subfield code="a">s-bo---</subfield></datafield><datafield ind1="0" ind2="0" tag="050"><subfield code="a">PM6303</subfield><subfield code="b">.B5</subfield></datafield><datafield ind1="0" ind2="0" tag="082"><subfield code="a">498</subfield></datafield><datafield ind1="1" ind2="0" tag="100"><subfield code="a">Bills, Garland D.</subfield></datafield><datafield ind1="1" ind2="3" tag="245"><subfield code="a">An introduction to spoken Bolivian Quechua /</subfield><subfield code="c">by Garland D. Bills, Bernardo Vallejo C., and Rudolph C. Troike.</subfield></datafield><datafield ind1="0" ind2=" " tag="260"><subfield code="a">Austin :</subfield><subfield code="b">Published for the Institute of Latin American Studies by the University of Texas Press,</subfield><subfield code="c">[1969]</subfield></datafield><datafield ind1=" " ind2=" " tag="300"><subfield code="a">xxii, 449 p. :</subfield><subfield code="b">illus., map. ;</subfield><subfield code="c">29 cm.</subfield></datafield><datafield ind1=" " ind2="0" tag="440"><subfield code="a">Special publication of the Institute of Latin American Studies, the University of Texas at Austin</subfield></datafield><datafield ind1=" " ind2="0" tag="650"><subfield code="a">Quechua language</subfield><subfield code="x">Grammar.</subfield></datafield><datafield ind1=" " ind2="0" tag="650"><subfield code="a">Quechua language</subfield><subfield code="z">Bolivia</subfield><subfield code="x">Conversation and phrase book.</subfield></datafield><datafield ind1="1" ind2="0" tag="700"><subfield code="a">Vallejo C., Bernardo.</subfield></datafield><datafield ind1="1" ind2="0" tag="700"><subfield code="a">Troike, Rudolph C.</subfield></datafield><datafield ind1=" " ind2=" " tag="035"><subfield code="a">(TxDaGIAL)37741100010887</subfield></datafield><controlfield tag="005">20080624160008.0</controlfield><controlfield tag="001">4440</controlfield><controlfield tag="003">TxDaGIAL</controlfield><datafield ind1=" " ind2=" " tag="852"><subfield code="p">37741100010887</subfield><subfield code="a">Library</subfield><subfield code="x">COPYID:5279</subfield><subfield code="x">FSC@aRegular@c19960410</subfield><subfield code="h">498.3237 B599i 1969</subfield><subfield code="z">11295</subfield></datafield></record>