
<record><leader>00852cam a2200229 a 4500</leader><controlfield tag="008">830823q19801983inu          s00010 eng  </controlfield><datafield ind1=" " ind2=" " tag="010"><subfield code="a">   83191476 //r84</subfield></datafield><datafield ind1=" " ind2=" " tag="040"><subfield code="a">DLC</subfield><subfield code="c">DLC</subfield><subfield code="d">TxDaGIAL</subfield></datafield><datafield ind1="0" ind2=" " tag="041"><subfield code="a">engnic</subfield></datafield><datafield ind1="0" ind2=" " tag="050"><subfield code="a">PL8705.1</subfield><subfield code="b">.C67 1980z</subfield></datafield><datafield ind1="0" ind2=" " tag="082"><subfield code="a">496/.39</subfield><subfield code="2">19</subfield></datafield><datafield ind1="1" ind2=" " tag="100"><subfield code="a">Corum, Claudia W.</subfield></datafield><datafield ind1="1" ind2="3" tag="245"><subfield code="a">An introduction to the Swazi (siSwati) language /</subfield><subfield code="c">by Claudia W. Corum.</subfield></datafield><datafield ind1="0" ind2=" " tag="260"><subfield code="a">Bloomington, Ind. :</subfield><subfield code="b">Available from African Studies Program, Indiana University,</subfield><subfield code="c">[198-?]</subfield></datafield><datafield ind1=" " ind2=" " tag="300"><subfield code="a">1 v. (various pagings) ;</subfield><subfield code="c">28 cm.</subfield></datafield><datafield ind1=" " ind2="0" tag="650"><subfield code="a">Swazi language</subfield><subfield code="x">Grammar.</subfield></datafield><datafield ind1="2" ind2="0" tag="710"><subfield code="a">Indiana University, Bloomington.</subfield><subfield code="b">African Studies Program.</subfield></datafield><datafield ind1=" " ind2=" " tag="035"><subfield code="a">(TxDaGIAL)37741100012433</subfield></datafield><controlfield tag="005">20080624160012.0</controlfield><controlfield tag="001">4463</controlfield><controlfield tag="003">TxDaGIAL</controlfield><datafield ind1=" " ind2=" " tag="852"><subfield code="p">37741100012433</subfield><subfield code="a">Library</subfield><subfield code="9">$13.65</subfield><subfield code="x">COPYID:5312</subfield><subfield code="x">FSC@aRegular@c19960711</subfield><subfield code="h">496.398 C831i 1980</subfield><subfield code="z">Dir 7-92</subfield></datafield></record>