
<record><leader>00806cam a2200229 i 4500</leader><controlfield tag="008">740121s1973    caua          00110 eng  </controlfield><datafield ind1=" " ind2=" " tag="010"><subfield code="a">   70161997 //r882</subfield></datafield><datafield ind1=" " ind2=" " tag="020"><subfield code="a">0520019881</subfield></datafield><datafield ind1=" " ind2=" " tag="040"><subfield code="a">DLC</subfield><subfield code="c">DLC</subfield><subfield code="d">TxDaGIAL</subfield></datafield><datafield ind1="0" ind2=" " tag="050"><subfield code="a">PL8232</subfield><subfield code="b">.K73</subfield></datafield><datafield ind1=" " ind2=" " tag="082"><subfield code="a">493/.72/82421</subfield></datafield><datafield ind1="1" ind2="0" tag="100"><subfield code="a">Kraft, Charles H.</subfield></datafield><datafield ind1="1" ind2="0" tag="245"><subfield code="a">Introductory Hausa /</subfield><subfield code="c">[by] Charles H. Kraft &amp; Marguerite G. Kraft.</subfield></datafield><datafield ind1="0" ind2=" " tag="260"><subfield code="a">Berkeley :</subfield><subfield code="b">University of California Press,</subfield><subfield code="c">1973.</subfield></datafield><datafield ind1=" " ind2=" " tag="300"><subfield code="a">xvi, 408 p. :</subfield><subfield code="b">illus. ;</subfield><subfield code="c">24 cm.</subfield></datafield><datafield ind1=" " ind2="0" tag="650"><subfield code="a">Hausa language</subfield><subfield code="v">Textbooks for foreign speakers</subfield><subfield code="x">English.</subfield></datafield><datafield ind1="1" ind2="0" tag="700"><subfield code="a">Kraft, Marguerite G.,</subfield><subfield code="e">joint author.</subfield></datafield><datafield ind1=" " ind2=" " tag="035"><subfield code="a">(TxDaGIAL)37741100007603</subfield></datafield><controlfield tag="005">20080624160014.0</controlfield><controlfield tag="001">4470</controlfield><controlfield tag="003">TxDaGIAL</controlfield><datafield ind1=" " ind2=" " tag="852"><subfield code="p">37741100007603</subfield><subfield code="a">Library</subfield><subfield code="x">COPYID:5322</subfield><subfield code="x">FSC@aRegular@c19950906</subfield><subfield code="h">493.728241 K89i 1973</subfield><subfield code="z">4245</subfield></datafield></record>