
<record><leader>00821nam a2200229 a 4500</leader><controlfield tag="008">870909s1982    ja            00000 eng  </controlfield><datafield ind1=" " ind2=" " tag="010"><subfield code="a">   84194838</subfield></datafield><datafield ind1=" " ind2=" " tag="040"><subfield code="a">DLC</subfield><subfield code="c">DLC</subfield><subfield code="d">TxDaGIAL</subfield></datafield><datafield ind1="1" ind2=" " tag="041"><subfield code="a">engmap</subfield></datafield><datafield ind1="0" ind2=" " tag="050"><subfield code="a">PL5801</subfield><subfield code="b">.I85 1982</subfield></datafield><datafield ind1="0" ind2=" " tag="082"><subfield code="a">499/.21</subfield><subfield code="2">19</subfield></datafield><datafield ind1="0" ind2="0" tag="245"><subfield code="a">Isinay texts and translations /</subfield><subfield code="c">Ernesto Constantino.</subfield></datafield><datafield ind1="0" ind2=" " tag="260"><subfield code="a">Tokyo, Japan :</subfield><subfield code="b">Institute for the Study of Languages and Cultures of Asia and Africa,</subfield><subfield code="c">1982.</subfield></datafield><datafield ind1=" " ind2=" " tag="300"><subfield code="a">iv, 561 p. ;</subfield><subfield code="c">26 cm.</subfield></datafield><datafield ind1=" " ind2="0" tag="650"><subfield code="a">Isinay language</subfield><subfield code="v">Texts.</subfield></datafield><datafield ind1="1" ind2="0" tag="700"><subfield code="a">Constantino, Ernesto,</subfield><subfield code="d">1930-</subfield></datafield><datafield ind1="2" ind2="0" tag="710"><subfield code="a">T&#333;ky&#333; Gaikokugo Daigaku.</subfield><subfield code="b">Ajia Afurika Gengo Bunka Kenky&#363;jo.</subfield></datafield><datafield ind1=" " ind2=" " tag="035"><subfield code="a">(TxDaGIAL)37741100011131</subfield></datafield><controlfield tag="005">20080624160022.0</controlfield><controlfield tag="001">4501</controlfield><controlfield tag="003">TxDaGIAL</controlfield><datafield ind1=" " ind2=" " tag="852"><subfield code="p">37741100011131</subfield><subfield code="a">Library</subfield><subfield code="x">COPYID:5360</subfield><subfield code="x">FSC@aRegular@c19960426</subfield><subfield code="h">499.2139 C758i 1982</subfield><subfield code="z">10953</subfield></datafield></record>