
<record><leader>00882nam a2200253 a 4500</leader><controlfield tag="008">871130c19871986ne a     b    00000 eng c</controlfield><datafield ind1=" " ind2=" " tag="010"><subfield code="a">   87673942</subfield></datafield><datafield ind1=" " ind2=" " tag="020"><subfield code="a">9067652849 (pbk.)</subfield></datafield><datafield ind1=" " ind2=" " tag="020"><subfield code="a">9067652830 (hard)</subfield></datafield><datafield ind1=" " ind2=" " tag="040"><subfield code="a">MH</subfield><subfield code="c">MH</subfield></datafield><datafield ind1="1" ind2=" " tag="050"><subfield code="a">PL534</subfield><subfield code="b">.I87x 1987</subfield></datafield><datafield ind1="0" ind2="0" tag="245"><subfield code="a">Issues in Japanese linguistics /</subfield><subfield code="c">Takashi Imai and Mamoru Saito (eds.).</subfield></datafield><datafield ind1="0" ind2=" " tag="260"><subfield code="a">Dortrecht, Holland ;</subfield><subfield code="a">Providence, U.S.A. :</subfield><subfield code="b">Foris Publications,</subfield><subfield code="c">1987, c1986.</subfield></datafield><datafield ind1=" " ind2=" " tag="300"><subfield code="a">viii, 374 p. :</subfield><subfield code="b">ill. ;</subfield><subfield code="c">24 cm.</subfield></datafield><datafield ind1=" " ind2="0" tag="440"><subfield code="a">Studies in generative grammar ;</subfield><subfield code="v">29</subfield></datafield><datafield ind1=" " ind2=" " tag="504"><subfield code="a">Includes bibliographies.</subfield></datafield><datafield ind1=" " ind2="0" tag="650"><subfield code="a">Japanese language</subfield><subfield code="x">Grammar, Generative.</subfield></datafield><datafield ind1="1" ind2="0" tag="700"><subfield code="a">Imai, Takashi.</subfield></datafield><datafield ind1="1" ind2="0" tag="700"><subfield code="a">Saito, Mamoru.</subfield></datafield><datafield ind1=" " ind2=" " tag="035"><subfield code="a">(TxDaGIAL)37741100009342</subfield></datafield><controlfield tag="005">20080624160027.0</controlfield><controlfield tag="001">4523</controlfield><controlfield tag="003">TxDaGIAL</controlfield><datafield ind1=" " ind2=" " tag="852"><subfield code="p">37741100009342</subfield><subfield code="a">Library</subfield><subfield code="x">COPYID:5386</subfield><subfield code="x">FSC@aRegular@c19951108</subfield><subfield code="h">495.65 I86i 1987</subfield><subfield code="z">12930</subfield></datafield></record>