
<record><leader>00852cam a2200265   4500</leader><controlfield tag="008">740429s1973    inua     b   s00000 eng  </controlfield><datafield ind1=" " ind2=" " tag="010"><subfield code="a">   72619707</subfield></datafield><datafield ind1=" " ind2=" " tag="020"><subfield code="a">0877501769 :</subfield><subfield code="c">$7.00</subfield></datafield><datafield ind1=" " ind2=" " tag="040"><subfield code="a">DLC</subfield><subfield code="c">DLC</subfield><subfield code="d">TxDaGIAL</subfield></datafield><datafield ind1="0" ind2=" " tag="041"><subfield code="a">engmyn</subfield></datafield><datafield ind1="0" ind2=" " tag="050"><subfield code="a">PM3889</subfield><subfield code="b">.D3</subfield></datafield><datafield ind1=" " ind2=" " tag="082"><subfield code="a">497/.4</subfield></datafield><datafield ind1="1" ind2="0" tag="100"><subfield code="a">Day, Christopher.</subfield></datafield><datafield ind1="1" ind2="4" tag="245"><subfield code="a">The Jacaltec language /</subfield><subfield code="c">by.</subfield></datafield><datafield ind1="0" ind2=" " tag="260"><subfield code="a">Bloomington :</subfield><subfield code="b">Indiana University,</subfield><subfield code="c">[1973]</subfield></datafield><datafield ind1=" " ind2=" " tag="300"><subfield code="a">135 p. :</subfield><subfield code="b">illus. ;</subfield><subfield code="c">23 cm.</subfield></datafield><datafield ind1="0" ind2=" " tag="490"><subfield code="a">Indiana University Publications. Language science monographs, v. 12</subfield></datafield><datafield ind1=" " ind2=" " tag="504"><subfield code="a">Bibliography: p. 7.</subfield></datafield><datafield ind1=" " ind2="0" tag="650"><subfield code="a">Jacalteca language.</subfield></datafield><datafield ind1=" " ind2="0" tag="830"><subfield code="a">Language science monographs</subfield><subfield code="v">v. 12.</subfield></datafield><datafield ind1=" " ind2=" " tag="035"><subfield code="a">(TxDaGIAL)37741100012619</subfield></datafield><controlfield tag="005">20080624160031.0</controlfield><controlfield tag="001">4539</controlfield><controlfield tag="003">TxDaGIAL</controlfield><datafield ind1=" " ind2=" " tag="852"><subfield code="p">37741100012619</subfield><subfield code="a">Library</subfield><subfield code="x">COPYID:5403</subfield><subfield code="x">FSC@aRegular@c19960718</subfield><subfield code="h">497.415 D273j 1973</subfield><subfield code="z">4053</subfield></datafield></record>