
<record><leader>01033cam a2200265Ia 4500</leader><controlfield tag="008">780814m19761980ja a          00010 eng d</controlfield><datafield ind1=" " ind2=" " tag="035"><subfield code="a">(CU-UC)5477489</subfield></datafield><datafield ind1=" " ind2=" " tag="040"><subfield code="a">AZS</subfield><subfield code="c">AZS</subfield><subfield code="d">m/c</subfield><subfield code="d">NOC</subfield><subfield code="d">TxDaGIAL</subfield></datafield><datafield ind1="0" ind2=" " tag="041"><subfield code="a">engjpn</subfield></datafield><datafield ind1="1" ind2="0" tag="100"><subfield code="a">Brannen, Noah S.</subfield></datafield><datafield ind1="1" ind2="0" tag="245"><subfield code="a">Japanese by the total method :</subfield><subfield code="b">basic, part one /</subfield><subfield code="c">Noah S. Brannen ; assisted by Masayoshi Hirose and Tsuyoshi Sasaki.</subfield></datafield><datafield ind1=" " ind2=" " tag="250"><subfield code="a">J.M.L.I. ed. /</subfield><subfield code="b">with vocabulary enrichment prepared by L. Shelton Allen.</subfield></datafield><datafield ind1="0" ind2=" " tag="260"><subfield code="a">Tokyo, Japan :</subfield><subfield code="b">Japan Missionary Language Institute,</subfield><subfield code="c">c1976.</subfield></datafield><datafield ind1=" " ind2=" " tag="300"><subfield code="a">xvi, 478 p. :</subfield><subfield code="b">ill. ;</subfield><subfield code="c">27 cm.</subfield></datafield><datafield ind1=" " ind2=" " tag="546"><subfield code="a">English.</subfield></datafield><datafield ind1=" " ind2="0" tag="650"><subfield code="a">Japanese language</subfield><subfield code="x">Grammar</subfield><subfield code="y">1950-</subfield></datafield><datafield ind1=" " ind2="0" tag="650"><subfield code="a">Japanese language</subfield><subfield code="v">Textbooks for foreign speakers</subfield><subfield code="x">English.</subfield></datafield><datafield ind1="1" ind2="0" tag="700"><subfield code="a">Hirose, Masayoshi.</subfield></datafield><datafield ind1="1" ind2="0" tag="700"><subfield code="a">Sasaki, Tsuyoshi,</subfield><subfield code="d">1929-</subfield></datafield><datafield ind1="1" ind2="0" tag="700"><subfield code="a">Allen, L. Shelton.</subfield></datafield><datafield ind1=" " ind2=" " tag="035"><subfield code="a">(TxDaGIAL)37741100015359</subfield></datafield><controlfield tag="005">20080624160033.0</controlfield><controlfield tag="001">4548</controlfield><controlfield tag="003">TxDaGIAL</controlfield><datafield ind1=" " ind2=" " tag="852"><subfield code="p">37741100015359</subfield><subfield code="a">Library</subfield><subfield code="x">COPYID:5413</subfield><subfield code="x">FSC@aRegular@c19970224</subfield><subfield code="h">495.6824 B821j 1976</subfield><subfield code="z">12598</subfield></datafield></record>