
<record><leader>01071pam a2200289 a 4500</leader><controlfield tag="008">890317s1989    njua     b    00110 eng  </controlfield><datafield ind1=" " ind2=" " tag="010"><subfield code="a">   89006627</subfield></datafield><datafield ind1=" " ind2=" " tag="020"><subfield code="a">0893915092</subfield></datafield><datafield ind1=" " ind2=" " tag="040"><subfield code="a">DLC</subfield><subfield code="c">DLC</subfield><subfield code="d">DLC</subfield></datafield><datafield ind1=" " ind2=" " tag="043"><subfield code="a">a-ja---</subfield></datafield><datafield ind1="0" ind2="0" tag="050"><subfield code="a">PL524.8</subfield><subfield code="b">.M39 1987</subfield></datafield><datafield ind1="0" ind2="0" tag="082"><subfield code="a">495.6/0141</subfield><subfield code="2">20</subfield></datafield><datafield ind1="1" ind2="0" tag="100"><subfield code="a">Maynard, Senko K.</subfield></datafield><datafield ind1="1" ind2="0" tag="245"><subfield code="a">Japanese conversation :</subfield><subfield code="b">self-contextualization through structure and interactional management /</subfield><subfield code="c">Senko Kumiya Maynard.</subfield></datafield><datafield ind1="0" ind2=" " tag="260"><subfield code="a">Norwood, N.J. :</subfield><subfield code="b">Ablex Pub.,</subfield><subfield code="c">c1989.</subfield></datafield><datafield ind1=" " ind2=" " tag="300"><subfield code="a">x, 250 p. :</subfield><subfield code="b">ill. ;</subfield><subfield code="c">24 cm.</subfield></datafield><datafield ind1=" " ind2="0" tag="440"><subfield code="a">Advances in discourse processes ;</subfield><subfield code="v">v. 35</subfield></datafield><datafield ind1=" " ind2=" " tag="504"><subfield code="a">Includes bibliographical references (p. 233-242).</subfield></datafield><datafield ind1=" " ind2="0" tag="650"><subfield code="a">Japanese language</subfield><subfield code="x">Spoken Japanese.</subfield></datafield><datafield ind1=" " ind2="0" tag="650"><subfield code="a">Interpersonal communication</subfield><subfield code="z">Japan.</subfield></datafield><datafield ind1=" " ind2="0" tag="650"><subfield code="a">Japanese language</subfield><subfield code="x">Discourse analysis.</subfield></datafield><datafield ind1=" " ind2="0" tag="650"><subfield code="a">Social interaction</subfield><subfield code="z">Japan.</subfield></datafield><datafield ind1=" " ind2=" " tag="035"><subfield code="a">(TxDaGIAL)37741100009347</subfield></datafield><controlfield tag="005">20080624160033.0</controlfield><controlfield tag="001">4549</controlfield><controlfield tag="003">TxDaGIAL</controlfield><datafield ind1=" " ind2=" " tag="852"><subfield code="p">37741100009347</subfield><subfield code="a">Library</subfield><subfield code="9">$40.00</subfield><subfield code="x">COPYID:5414</subfield><subfield code="x">FSC@aRegular@c19951108</subfield><subfield code="h">495.60141 M471j 1989</subfield><subfield code="z">B/T 2-90</subfield></datafield></record>