
<record><leader>00779cam a2200229 i 4500</leader><controlfield tag="008">760310s1976    nyu      b    00000 eng  </controlfield><datafield ind1=" " ind2=" " tag="010"><subfield code="a">   76355727 //r84</subfield></datafield><datafield ind1=" " ind2=" " tag="020"><subfield code="a">0127854258 :</subfield><subfield code="c">$29.00</subfield></datafield><datafield ind1=" " ind2=" " tag="040"><subfield code="a">DLC</subfield><subfield code="c">DLC</subfield><subfield code="d">TxDaGIAL</subfield></datafield><datafield ind1="0" ind2=" " tag="050"><subfield code="a">P1</subfield><subfield code="b">.S9 vol. 5</subfield><subfield code="a">PL534</subfield></datafield><datafield ind1="0" ind2=" " tag="082"><subfield code="a">415 s</subfield><subfield code="a">495.6/5</subfield><subfield code="2">19</subfield></datafield><datafield ind1="0" ind2="0" tag="245"><subfield code="a">Japanese generative grammar /</subfield><subfield code="c">edited by Masayoshi Shibatani.</subfield></datafield><datafield ind1="0" ind2=" " tag="260"><subfield code="a">New York :</subfield><subfield code="b">Academic Press,</subfield><subfield code="c">c1976.</subfield></datafield><datafield ind1=" " ind2=" " tag="300"><subfield code="a">xvii, 574 p. ;</subfield><subfield code="c">24 cm.</subfield></datafield><datafield ind1=" " ind2="0" tag="440"><subfield code="a">Syntax and semantics ;</subfield><subfield code="v">v. 5</subfield></datafield><datafield ind1=" " ind2="0" tag="650"><subfield code="a">Japanese language</subfield><subfield code="x">Grammar, Generative.</subfield></datafield><datafield ind1="1" ind2="0" tag="700"><subfield code="a">Shibatani, Masayoshi.</subfield></datafield><datafield ind1=" " ind2=" " tag="035"><subfield code="a">(TxDaGIAL)37741100008702</subfield></datafield><controlfield tag="005">20080624160034.0</controlfield><controlfield tag="001">4550</controlfield><controlfield tag="003">TxDaGIAL</controlfield><datafield ind1=" " ind2=" " tag="852"><subfield code="p">37741100008702</subfield><subfield code="a">Library</subfield><subfield code="x">COPYID:5415</subfield><subfield code="x">FSC@aRegular@c19951013</subfield><subfield code="h">415 S955s vol.5 1976</subfield><subfield code="z">4999</subfield></datafield></record>