
<record><leader>00780cam a2200205 i 4500</leader><controlfield tag="008">670101s1943    ctu             0   eng x</controlfield><datafield ind1=" " ind2=" " tag="040"><subfield code="d">TxDaGIAL</subfield></datafield><datafield ind1=" " ind2="4" tag="050"><subfield code="a">PL537</subfield><subfield code="b">J3</subfield></datafield><datafield ind1="0" ind2="0" tag="245"><subfield code="a">Japanese graded readings in transcription (Neganuma reader, book 1, parts 2 and 3).</subfield></datafield><datafield ind1="0" ind2=" " tag="260"><subfield code="a">[New Haven] :</subfield><subfield code="b">Dept. of Oriental Studies, Yale University,</subfield><subfield code="c">[1943]</subfield></datafield><datafield ind1=" " ind2=" " tag="300"><subfield code="a">82p. ;</subfield><subfield code="c">23 cm.</subfield></datafield><datafield ind1="0" ind2=" " tag="490"><subfield code="a">[Yale University.  Dept. of Oriental Studies] Mirror ser. B, no. 5</subfield></datafield><datafield ind1=" " ind2="0" tag="650"><subfield code="a">Japanese language</subfield><subfield code="v">Readers.</subfield></datafield><datafield ind1="1" ind2="0" tag="700"><subfield code="a">Naganuma, Naoe.</subfield><subfield code="t">Hyojun Nihongo tokuhon.</subfield></datafield><datafield ind1="1" ind2="0" tag="700"><subfield code="a">Bloch, Bernard,</subfield><subfield code="d">1907-1965.</subfield></datafield><datafield ind1=" " ind2=" " tag="035"><subfield code="a">(TxDaGIAL)37741100015384</subfield></datafield><controlfield tag="005">20080624160034.0</controlfield><controlfield tag="001">4551</controlfield><controlfield tag="003">TxDaGIAL</controlfield><datafield ind1=" " ind2=" " tag="852"><subfield code="p">37741100015384</subfield><subfield code="a">Library</subfield><subfield code="x">COPYID:5416</subfield><subfield code="x">FSC@aRegular@c19970224</subfield><subfield code="h">495.686 J35 1943</subfield><subfield code="z">302</subfield></datafield></record>