
<record><leader>00881pam a2200253 a 4500</leader><controlfield tag="008">860321s1986    enk      b    00010 eng  </controlfield><datafield ind1=" " ind2=" " tag="010"><subfield code="a">   86006372</subfield></datafield><datafield ind1=" " ind2=" " tag="020"><subfield code="a">0709937334 :</subfield><subfield code="c">$69.00</subfield></datafield><datafield ind1=" " ind2=" " tag="040"><subfield code="a">DLC</subfield><subfield code="c">DLC</subfield><subfield code="d">TxDaGIAL</subfield></datafield><datafield ind1="0" ind2=" " tag="050"><subfield code="a">PL533</subfield><subfield code="b">.H46 1986</subfield></datafield><datafield ind1="0" ind2=" " tag="082"><subfield code="a">495.6/5</subfield><subfield code="2">19</subfield></datafield><datafield ind1="1" ind2="0" tag="100"><subfield code="a">Hinds, John.</subfield></datafield><datafield ind1="1" ind2="0" tag="245"><subfield code="a">Japanese /</subfield><subfield code="c">John Hinds.</subfield></datafield><datafield ind1="0" ind2=" " tag="260"><subfield code="a">London ;</subfield><subfield code="a">Dover, N.H. :</subfield><subfield code="b">Croom Helm,</subfield><subfield code="c">c1986.</subfield></datafield><datafield ind1=" " ind2=" " tag="300"><subfield code="a">494 p. ;</subfield><subfield code="c">23 cm.</subfield></datafield><datafield ind1=" " ind2="0" tag="440"><subfield code="a">Croom Helm descriptive grammars series</subfield></datafield><datafield ind1=" " ind2=" " tag="504"><subfield code="a">Bibliography: p. 474-494.</subfield></datafield><datafield ind1=" " ind2="0" tag="650"><subfield code="a">Japanese language</subfield><subfield code="x">Grammar.</subfield></datafield><datafield ind1=" " ind2=" " tag="035"><subfield code="a">(TxDaGIAL)37741100009341</subfield></datafield><controlfield tag="005">20080624160034.0</controlfield><controlfield tag="001">4552</controlfield><controlfield tag="003">TxDaGIAL</controlfield><datafield ind1=" " ind2=" " tag="852"><subfield code="p">37741100009341</subfield><subfield code="a">Library</subfield><subfield code="x">COPYID:5417</subfield><subfield code="x">FSC@aRegular@c19951108</subfield><subfield code="h">495.65 H662j 1986</subfield><subfield code="z">12625</subfield></datafield><datafield ind1=" " ind2=" " tag="852"><subfield code="p">37741100022513</subfield><subfield code="a">Library</subfield><subfield code="9">$0.00</subfield><subfield code="x">COPYID:5418</subfield><subfield code="x">FSC@aRegular@c19981005</subfield><subfield code="h">495.65 H662j 1986</subfield><subfield code="z">Gift Mary Huttar 7-97</subfield></datafield></record>