
<record><leader>00917nam a2200253   4500</leader><controlfield tag="008">950613s1993    at       b    001 0 eng d</controlfield><datafield ind1=" " ind2=" " tag="020"><subfield code="a">019553509X (pbk.) :</subfield><subfield code="c">$12.95</subfield></datafield><datafield ind1=" " ind2=" " tag="040"><subfield code="a">YOZ</subfield><subfield code="c">TxDaGIAL</subfield></datafield><datafield ind1="1" ind2=" " tag="041"><subfield code="a">engjpn</subfield></datafield><datafield ind1="0" ind2="4" tag="082"><subfield code="a">495.6</subfield><subfield code="2">20</subfield></datafield><datafield ind1="1" ind2="0" tag="100"><subfield code="a">Backhouse, Anthony E.</subfield><subfield code="q">(Anthony Edgar),</subfield><subfield code="d">1944-</subfield></datafield><datafield ind1="1" ind2="4" tag="245"><subfield code="a">The Japanese Language :</subfield><subfield code="b">an introduction /</subfield><subfield code="c">A.E. Backhouse.</subfield></datafield><datafield ind1="0" ind2=" " tag="260"><subfield code="a">Melbourne ;</subfield><subfield code="a">New York :</subfield><subfield code="b">Oxford University Press,</subfield><subfield code="c">1993.</subfield></datafield><datafield ind1=" " ind2=" " tag="300"><subfield code="a">[viii], 196 p. ;</subfield><subfield code="c">20 cm.</subfield></datafield><datafield ind1=" " ind2=" " tag="504"><subfield code="a">Bibliography: p. [190]-192.</subfield></datafield><datafield ind1=" " ind2=" " tag="500"><subfield code="a">Includes index.</subfield></datafield><datafield ind1=" " ind2=" " tag="546"><subfield code="a">English and Japanese</subfield><subfield code="b">Roman alphabet.</subfield></datafield><datafield ind1=" " ind2="0" tag="650"><subfield code="a">Japanese language.</subfield></datafield><datafield ind1=" " ind2="0" tag="650"><subfield code="a">Japanese language</subfield><subfield code="v">Textbooks for foreign speakers</subfield><subfield code="x">English.</subfield></datafield><datafield ind1=" " ind2=" " tag="035"><subfield code="a">(TxDaGIAL)37741100005331</subfield></datafield><controlfield tag="005">20080624160034.0</controlfield><controlfield tag="001">4553</controlfield><controlfield tag="003">TxDaGIAL</controlfield><datafield ind1=" " ind2=" " tag="852"><subfield code="p">37741100005331</subfield><subfield code="a">Library</subfield><subfield code="9">$11.27</subfield><subfield code="x">COPYID:5419</subfield><subfield code="x">FSC@aRegular@c19950628</subfield><subfield code="h">495.6 B126j 1993</subfield><subfield code="z">B/T 6-95</subfield></datafield></record>