
<record><leader>00990pam a2200289 a 4500</leader><controlfield tag="008">880329s1988    maua     b    00110 eng  </controlfield><datafield ind1=" " ind2=" " tag="010"><subfield code="a">   88009232</subfield></datafield><datafield ind1=" " ind2=" " tag="020"><subfield code="a">0262161095</subfield></datafield><datafield ind1=" " ind2=" " tag="020"><subfield code="a">0262660636 (pbk.)</subfield></datafield><datafield ind1=" " ind2=" " tag="040"><subfield code="a">DLC</subfield><subfield code="c">DLC</subfield><subfield code="d">TxDaGIAL</subfield></datafield><datafield ind1="0" ind2=" " tag="050"><subfield code="a">PL544</subfield><subfield code="b">.P54 1988</subfield></datafield><datafield ind1="0" ind2=" " tag="082"><subfield code="a">495.6/16</subfield><subfield code="2">19</subfield></datafield><datafield ind1="1" ind2="0" tag="100"><subfield code="a">Pierrehumbert, Janet Breckenridge.</subfield></datafield><datafield ind1="1" ind2="0" tag="245"><subfield code="a">Japanese tone structure /</subfield><subfield code="c">Janet Pierrehumbert and Mary Beckman.</subfield></datafield><datafield ind1="0" ind2=" " tag="260"><subfield code="a">Cambridge, Mass. :</subfield><subfield code="b">MIT Press,</subfield><subfield code="c">c1988.</subfield></datafield><datafield ind1=" " ind2=" " tag="300"><subfield code="a">vi, 282 p. :</subfield><subfield code="b">ill. ;</subfield><subfield code="c">24 cm.</subfield></datafield><datafield ind1=" " ind2="0" tag="440"><subfield code="a">Linguistic inquiry monographs ;</subfield><subfield code="v">15</subfield></datafield><datafield ind1=" " ind2=" " tag="504"><subfield code="a">Bibliography: p. [267]-274.</subfield></datafield><datafield ind1=" " ind2=" " tag="500"><subfield code="a">Includes index.</subfield></datafield><datafield ind1=" " ind2="0" tag="650"><subfield code="a">Japanese language</subfield><subfield code="x">Accents and accentuation.</subfield></datafield><datafield ind1=" " ind2="0" tag="650"><subfield code="a">Japanese language</subfield><subfield code="x">Intonation.</subfield></datafield><datafield ind1="1" ind2="0" tag="700"><subfield code="a">Beckman, Mary E.</subfield></datafield><datafield ind1=" " ind2=" " tag="035"><subfield code="a">(TxDaGIAL)37741100009351</subfield></datafield><controlfield tag="005">20080624160034.0</controlfield><controlfield tag="001">4555</controlfield><controlfield tag="003">TxDaGIAL</controlfield><datafield ind1=" " ind2=" " tag="852"><subfield code="p">37741100009351</subfield><subfield code="a">Library</subfield><subfield code="9">$15.95</subfield><subfield code="x">COPYID:5421</subfield><subfield code="x">FSC@aRegular@c19951108</subfield><subfield code="h">495.616 P622j 1988</subfield><subfield code="z">B/T 12-90</subfield></datafield></record>