
<record><leader>00940pam a2200265 a 4500</leader><controlfield tag="008">940308s1993    ctua          001 0 eng  </controlfield><datafield ind1=" " ind2=" " tag="010"><subfield code="a">   93024084</subfield></datafield><datafield ind1=" " ind2=" " tag="020"><subfield code="a">0300055900 (pbk.) :</subfield><subfield code="c">$30.00</subfield></datafield><datafield ind1=" " ind2=" " tag="040"><subfield code="a">DLC</subfield><subfield code="c">DLC</subfield><subfield code="d">DLC</subfield></datafield><datafield ind1="0" ind2=" " tag="041"><subfield code="a">engyor</subfield></datafield><datafield ind1="0" ind2="0" tag="050"><subfield code="a">PL8821</subfield><subfield code="b">.S35 1993</subfield></datafield><datafield ind1="0" ind2="0" tag="082"><subfield code="a">496/.33382421</subfield><subfield code="2">20</subfield></datafield><datafield ind1="1" ind2=" " tag="100"><subfield code="a">Schleicher, Antonia Y&#233;t&#250;nd&#233; F&#7885;l&#225;r&#236;n,</subfield><subfield code="d">1953-</subfield></datafield><datafield ind1="1" ind2="0" tag="245"><subfield code="a">J&#803;&#233; k'&#225; s&#7885; Yor&#249;b&#225; /</subfield><subfield code="c">Antonia Y&#233;t&#250;nd&#233; F&#7885;l&#225;r&#236;n Schleicher.</subfield></datafield><datafield ind1=" " ind2=" " tag="260"><subfield code="a">New Haven :</subfield><subfield code="b">Yale University Press,</subfield><subfield code="c">1993.</subfield></datafield><datafield ind1=" " ind2=" " tag="300"><subfield code="a">xv, 343 p. :</subfield><subfield code="b">ill., map ;</subfield><subfield code="c">29 cm.</subfield></datafield><datafield ind1=" " ind2="0" tag="440"><subfield code="a">Yale language series</subfield></datafield><datafield ind1=" " ind2=" " tag="500"><subfield code="a">English and Yoruba.</subfield></datafield><datafield ind1=" " ind2=" " tag="500"><subfield code="a">Includes index.</subfield></datafield><datafield ind1=" " ind2="0" tag="650"><subfield code="a">Yoruba language</subfield><subfield code="v">Textbooks for foreign speakers</subfield><subfield code="x">English.</subfield></datafield><datafield ind1=" " ind2=" " tag="035"><subfield code="a">(TxDaGIAL)37741100005795</subfield></datafield><controlfield tag="005">20080624160036.0</controlfield><controlfield tag="001">4561</controlfield><controlfield tag="003">TxDaGIAL</controlfield><datafield ind1=" " ind2=" " tag="852"><subfield code="p">37741100005795</subfield><subfield code="a">Library</subfield><subfield code="9">$26.10</subfield><subfield code="x">COPYID:5427</subfield><subfield code="x">FSC@aRegular@c19950720</subfield><subfield code="h">496.333824 S341j 1993</subfield><subfield code="z">B/T 7-95</subfield></datafield></record>