
<record><leader>01036cam a2200277 a 4500</leader><controlfield tag="008">860331c19861985ne a     b    00010 eng  </controlfield><datafield ind1=" " ind2=" " tag="010"><subfield code="a">   86006895 //r91</subfield></datafield><datafield ind1=" " ind2=" " tag="020"><subfield code="a">0915027941 (pbk. : alk. paper) :</subfield><subfield code="c">$22.00 (U.S.)</subfield></datafield><datafield ind1=" " ind2=" " tag="040"><subfield code="a">DLC</subfield><subfield code="c">DLC</subfield><subfield code="d">DLC</subfield></datafield><datafield ind1=" " ind2=" " tag="043"><subfield code="a">a-jo---</subfield></datafield><datafield ind1="0" ind2="0" tag="050"><subfield code="a">PJ6060.J67</subfield><subfield code="b">S8 1986</subfield></datafield><datafield ind1="0" ind2="0" tag="082"><subfield code="a">492/.7/095695</subfield><subfield code="2">19</subfield></datafield><datafield ind1="1" ind2="0" tag="100"><subfield code="a">Suleiman, Saleh Mahmoud Khalil.</subfield></datafield><datafield ind1="1" ind2="0" tag="245"><subfield code="a">Jordanian Arabic between diglossia and bilingualism :</subfield><subfield code="b">linguistic analysis /</subfield><subfield code="c">Saleh M. Suleiman.</subfield></datafield><datafield ind1="0" ind2=" " tag="260"><subfield code="a">Amsterdam ;</subfield><subfield code="a">Philadelphia :</subfield><subfield code="b">J. Benjamins Pub. Co.,</subfield><subfield code="c">1986, c1985.</subfield></datafield><datafield ind1=" " ind2=" " tag="300"><subfield code="a">xvi, 131 p. :</subfield><subfield code="b">ill. ;</subfield><subfield code="c">23 cm.</subfield></datafield><datafield ind1=" " ind2="0" tag="440"><subfield code="a">Pragmatics &amp; beyond,</subfield><subfield code="x">0166-6258 ;</subfield><subfield code="v">VI:8</subfield></datafield><datafield ind1=" " ind2=" " tag="504"><subfield code="a">Bibliography: p. [125]-131.</subfield></datafield><datafield ind1=" " ind2=" " tag="500"><subfield code="a">Cover title: Jordanian Arabic.</subfield></datafield><datafield ind1=" " ind2="0" tag="650"><subfield code="a">Arabic language</subfield><subfield code="z">Jordan.</subfield></datafield><datafield ind1="0" ind2="1" tag="740"><subfield code="a">Jordanian Arabic.</subfield></datafield><datafield ind1=" " ind2=" " tag="035"><subfield code="a">(TxDaGIAL)37741100007679</subfield></datafield><controlfield tag="005">20080624160042.0</controlfield><controlfield tag="001">4599</controlfield><controlfield tag="003">TxDaGIAL</controlfield><datafield ind1=" " ind2=" " tag="852"><subfield code="p">37741100007679</subfield><subfield code="a">Library</subfield><subfield code="9">$22.00</subfield><subfield code="x">COPYID:5469</subfield><subfield code="x">FSC@aRegular@c19950906</subfield><subfield code="h">492.7095695 S949j 1985</subfield><subfield code="z">12368</subfield></datafield></record>