
<record><leader>01913cam a2200301 i 4500</leader><controlfield tag="008">761208s1975    ve            000 0 spa  </controlfield><datafield ind1=" " ind2=" " tag="010"><subfield code="a">   76486963 //r94</subfield></datafield><datafield ind1=" " ind2=" " tag="040"><subfield code="a">DLC</subfield><subfield code="c">DLC</subfield><subfield code="d">DLC</subfield></datafield><datafield ind1="0" ind2=" " tag="041"><subfield code="a">spasai</subfield></datafield><datafield ind1=" " ind2=" " tag="043"><subfield code="a">s-ve---</subfield></datafield><datafield ind1="0" ind2="0" tag="050"><subfield code="a">F2270.2.G6</subfield><subfield code="b">J84</subfield></datafield><datafield ind1="0" ind2="0" tag="245"><subfield code="a">J&#252;k&#251;jal&#225;irrua way&#250; =</subfield><subfield code="b">Relatos guajiros /</subfield><subfield code="c">Miguel Angel Jusay&#250;.</subfield></datafield><datafield ind1=" " ind2=" " tag="250"><subfield code="a">Ed. biling&#252;e.</subfield></datafield><datafield ind1="0" ind2=" " tag="260"><subfield code="a">Caracas :</subfield><subfield code="b">Universidad Cat&#243;lica Andr&#233;s Bello, Instituto de Investigaciones Hist&#243;ricas, Centro de Lenguas Ind&#237;genas,</subfield><subfield code="c">1975.</subfield></datafield><datafield ind1=" " ind2=" " tag="300"><subfield code="a">174 p. ;</subfield><subfield code="c">23 cm.</subfield></datafield><datafield ind1=" " ind2="0" tag="440"><subfield code="a">Serie &quot;Lenguas ind&#237;genas de Venezuela&quot; ;</subfield><subfield code="v">12</subfield></datafield><datafield ind1=" " ind2=" " tag="500"><subfield code="a">Texts in Goajiro language; translation in Spanish by M. A. Jusay&#250;.</subfield></datafield><datafield ind1="0" ind2=" " tag="505"><subfield code="a">Historia de Parrusa y Aisapanchi. N&#252;chi'ki Parr&#250;sa n&#252;m&#225; &#193;isapanchi.--El guajiro joven y harag&#225;n. N&#252;chi'ki wan&#233; wai&#250; jim&#225;ai shok&#250;lashi.--El gavil&#225;n y el conejo. N&#252;chi'ki wan&#233; worr&#243;lopai n&#252;ma wan&#233; &#225;tpan&#225;.--El pescador de tortugas. N&#252;chi'ki wan&#233; wai&#250; ol&#243;j&#252;i saw&#225;inrr&#252;.--Ni era vaca ni era caballo. Nn&#243;jots&#252; p&#225;in jiayaasa, nn&#243;jots&#252; am&#225;in jiayaasa.--La historia de Jurruriana. N&#252;chi'ki Jurr&#250;liahna.--El epeyui y el borracho. N&#252;chi'ki wan&#233; ep&#233;y&#252;i n&#252;m&#225; wan&#233; way&#250; ep&#233;rr&#252;i.--El conejo y la zorra. N&#252;chi'ki wan&#233; &#225;tpan&#225; j&#252;m&#225; wan&#233; wal&#237;rr&#252;.--Un relato del hambre. Wan&#233; j&#252;chi'ki jam&#252;.--El ni&#241;o malcriado. N&#252;chi'ki wan&#233; j&#237;nt&#252;i kay&#250;rrai.--El guajiro borrach&#243;n. N&#252;chi'ki wan&#233; wai&#250; ep&#233;rr&#252;i.--El guajiro casto. N&#252;chi'ki wan&#233; wai&#250; p&#252;l&#225; &#225;inchi.</subfield></datafield><datafield ind1=" " ind2="0" tag="650"><subfield code="a">Goajiro Indians</subfield><subfield code="v">Folklore.</subfield></datafield><datafield ind1=" " ind2="0" tag="650"><subfield code="a">Goajiro language</subfield><subfield code="v">Texts.</subfield></datafield><datafield ind1=" " ind2="0" tag="650"><subfield code="a">Indians of South America</subfield><subfield code="z">Venezuela</subfield><subfield code="v">Folklore.</subfield></datafield><datafield ind1="1" ind2="0" tag="700"><subfield code="a">Jusay&#250;, Miguel Angel,</subfield><subfield code="d">1934-</subfield></datafield><datafield ind1="0" ind2="1" tag="740"><subfield code="a">Relatos guajiros.</subfield></datafield><datafield ind1=" " ind2=" " tag="035"><subfield code="a">(TxDaGIAL)37741100019991</subfield></datafield><controlfield tag="005">20080624160046.0</controlfield><controlfield tag="001">4615</controlfield><controlfield tag="003">TxDaGIAL</controlfield><datafield ind1=" " ind2=" " tag="852"><subfield code="p">37741100019991</subfield><subfield code="a">Library</subfield><subfield code="x">COPYID:5487</subfield><subfield code="x">FSC@aRegular@c19970819</subfield><subfield code="h">398.20498 A581j 1975</subfield><subfield code="z">1700</subfield></datafield></record>