
<record><leader>00770nam a2200205 i 4500</leader><controlfield tag="008">790305 1976||||inua    ||||||0|0|0|eng| </controlfield><datafield ind1=" " ind2=" " tag="040"><subfield code="a">TxDaGIAL</subfield><subfield code="c">TxDaGIAL</subfield></datafield><datafield ind1="1" ind2=" " tag="100"><subfield code="a">Bird, Charles S.</subfield><subfield code="q">(Charles Stephen),</subfield><subfield code="d">1935-</subfield></datafield><datafield ind1="1" ind2="0" tag="245"><subfield code="a">An ka bamanankan kalan :</subfield><subfield code="b">intermediate Bambara /</subfield><subfield code="c">Charles Bird, Mamadou Kant&#233;.</subfield></datafield><datafield ind1=" " ind2=" " tag="260"><subfield code="a">Bloomington, Ind. : University Linguistics Club, 1976.</subfield></datafield><datafield ind1=" " ind2=" " tag="300"><subfield code="a">ix, 270 p. :</subfield><subfield code="b">ill. ;</subfield><subfield code="c">28 cm.</subfield></datafield><datafield ind1=" " ind2=" " tag="500"><subfield code="a">"November 1976."</subfield></datafield><datafield ind1=" " ind2="0" tag="650"><subfield code="a">Bambara language</subfield><subfield code="v">Textbooks for foreign speakers</subfield><subfield code="x">English.</subfield></datafield><datafield ind1="1" ind2="0" tag="700"><subfield code="a">Kant&#233;, Mamadou.</subfield></datafield><datafield ind1="0" ind2="1" tag="740"><subfield code="a">Intermediate Bambara.</subfield></datafield><datafield ind1=" " ind2=" " tag="035"><subfield code="a">(TxDaGIAL)37741100006862</subfield></datafield><controlfield tag="005">20080624160048.0</controlfield><controlfield tag="001">4626</controlfield><controlfield tag="003">TxDaGIAL</controlfield><datafield ind1=" " ind2=" " tag="852"><subfield code="p">37741100006862</subfield><subfield code="a">Library</subfield><subfield code="x">COPYID:5498</subfield><subfield code="x">FSC@aRegular@c19950817</subfield><subfield code="h">496.34 B618an 1976</subfield></datafield></record>