
<record><leader>00948nam a22002537i 4500</leader><controlfield tag="008">790305 1977||||   |||| ||||||0|||||eng| </controlfield><datafield ind1=" " ind2=" " tag="010"><subfield code="a">   79103247</subfield></datafield><datafield ind1=" " ind2=" " tag="040"><subfield code="a">DLC</subfield><subfield code="c">DLC</subfield><subfield code="d">TxDaGIAL</subfield></datafield><datafield ind1="0" ind2=" " tag="050"><subfield code="a">MLCM 83/4152 (P)</subfield></datafield><datafield ind1="1" ind2=" " tag="100"><subfield code="a">Bird, Charles S.</subfield><subfield code="q">(Charles Stephen),</subfield><subfield code="d">1935-</subfield></datafield><datafield ind1="1" ind2="0" tag="245"><subfield code="a">An ka Bamanankan kalan :</subfield><subfield code="b">introductory Bambara /</subfield><subfield code="c">Charles Bird, John Hutchison, Mamadou Kant&#233;.</subfield></datafield><datafield ind1=" " ind2=" " tag="260"><subfield code="a">Bloomington, Ind. : University Linguistics Club, 1977.</subfield></datafield><datafield ind1=" " ind2=" " tag="300"><subfield code="a">x, 298 p. ; 28 cm.</subfield></datafield><datafield ind1=" " ind2=" " tag="500"><subfield code="a">On cover: Beginning Banbara. "February 1977."</subfield></datafield><datafield ind1=" " ind2="0" tag="650"><subfield code="a">Bambara language</subfield><subfield code="v">Textbooks for foreign speakers</subfield><subfield code="x">English.</subfield></datafield><datafield ind1="1" ind2="0" tag="700"><subfield code="a">Hutchinson, John,</subfield><subfield code="d">1967-</subfield></datafield><datafield ind1="1" ind2="0" tag="700"><subfield code="a">Kant&#233;, Mamadou.</subfield></datafield><datafield ind1="0" ind2="1" tag="740"><subfield code="a">Introductory Bambara.</subfield></datafield><datafield ind1="0" ind2="1" tag="740"><subfield code="a">Beginning Bambara.</subfield></datafield><datafield ind1=" " ind2=" " tag="035"><subfield code="a">(TxDaGIAL)37741100006861</subfield></datafield><controlfield tag="005">20080624160048.0</controlfield><controlfield tag="001">4627</controlfield><controlfield tag="003">TxDaGIAL</controlfield><datafield ind1=" " ind2=" " tag="852"><subfield code="p">37741100006861</subfield><subfield code="a">Library</subfield><subfield code="x">COPYID:5499</subfield><subfield code="x">FSC@aRegular@c19950816</subfield><subfield code="h">496.34 B618a 1977</subfield><subfield code="z">11121</subfield></datafield></record>