
<record><leader>00868nam a2200265Ia 4500</leader><controlfield tag="008">930306s1984    ii            001 0 eng d</controlfield><datafield ind1=" " ind2=" " tag="035"><subfield code="a">(CU-UC)8724603</subfield></datafield><datafield ind1=" " ind2=" " tag="040"><subfield code="a">EWF</subfield><subfield code="c">EWF</subfield><subfield code="d">m/c</subfield><subfield code="d">CUY</subfield></datafield><datafield ind1="0" ind2=" " tag="100"><subfield code="a">Kacc&#257;yana.</subfield></datafield><datafield ind1="1" ind2="0" tag="245"><subfield code="a">K&#257;chch&#257;yano's P&#257;li grammar :</subfield><subfield code="b">with chrestomathy and vocabulary /</subfield><subfield code="c">by Francis Mason.</subfield></datafield><datafield ind1=" " ind2=" " tag="250"><subfield code="a">2nd ed.</subfield></datafield><datafield ind1=" " ind2=" " tag="260"><subfield code="a">Delhi :</subfield><subfield code="b">Sri Satguru,</subfield><subfield code="c">1984.</subfield></datafield><datafield ind1=" " ind2=" " tag="300"><subfield code="a">viii, 209 p. ;</subfield><subfield code="c">23 cm.</subfield></datafield><datafield ind1="1" ind2=" " tag="490"><subfield code="a">Bibliotheca Indo-Buddhica ;</subfield><subfield code="v">no. ll</subfield></datafield><datafield ind1=" " ind2=" " tag="500"><subfield code="a">Includes index.</subfield></datafield><datafield ind1=" " ind2=" " tag="546"><subfield code="a">English.</subfield></datafield><datafield ind1=" " ind2="0" tag="650"><subfield code="a">Pali language</subfield><subfield code="x">Grammar.</subfield></datafield><datafield ind1="1" ind2="0" tag="700"><subfield code="a">Mason, Francis.</subfield></datafield><datafield ind1="0" ind2="1" tag="740"><subfield code="a">Pali grammar.</subfield></datafield><datafield ind1=" " ind2="0" tag="830"><subfield code="a">Bibliotheca Indo-Buddhica ;</subfield><subfield code="v">no. ll.</subfield></datafield><datafield ind1=" " ind2=" " tag="035"><subfield code="a">(TxDaGIAL)37741100018527</subfield></datafield><controlfield tag="005">20080624160048.0</controlfield><controlfield tag="001">4628</controlfield><controlfield tag="003">TxDaGIAL</controlfield><datafield ind1=" " ind2=" " tag="852"><subfield code="p">37741100018527</subfield><subfield code="a">Library</subfield><subfield code="9">$6.00</subfield><subfield code="x">COPYID:5500</subfield><subfield code="x">FSC@aRegular@c19970619</subfield><subfield code="h">491.37 M398k 1984</subfield><subfield code="z">3-11-91</subfield></datafield></record>