
<record><leader>01044nam a2200301Ii 4500</leader><controlfield tag="008">780106s1940    no       d    00000 eng  </controlfield><datafield ind1=" " ind2=" " tag="010"><subfield code="a">   42041514</subfield></datafield><datafield ind1=" " ind2=" " tag="035"><subfield code="a">(CU-UC)1101417</subfield></datafield><datafield ind1=" " ind2=" " tag="040"><subfield code="a">DLC</subfield><subfield code="c">IAH</subfield><subfield code="d">CLU</subfield></datafield><datafield ind1="0" ind2=" " tag="041"><subfield code="a">engnai</subfield></datafield><datafield ind1=" " ind2=" " tag="050"><subfield code="a">PM1431</subfield><subfield code="b">.V6</subfield></datafield><datafield ind1=" " ind2=" " tag="094"><subfield code="a">fla00</subfield><subfield code="2">ROPAL</subfield></datafield><datafield ind1="1" ind2="0" tag="100"><subfield code="a">Vogt, Hans,</subfield><subfield code="d">1903-</subfield></datafield><datafield ind1="1" ind2="4" tag="245"><subfield code="a">The Kalispel language :</subfield><subfield code="b">an outline of the grammar with text, translations and dictionary.</subfield></datafield><datafield ind1="0" ind2=" " tag="260"><subfield code="a">Oslo :</subfield><subfield code="b">I kommisjon hos J. Dybwad,</subfield><subfield code="c">1940.</subfield></datafield><datafield ind1=" " ind2=" " tag="300"><subfield code="a">178 p. ;</subfield><subfield code="c">27 cm.</subfield></datafield><datafield ind1=" " ind2=" " tag="500"><subfield code="a">At head of title: Det Norske videnskaps-akademi i Oslo.</subfield></datafield><datafield ind1=" " ind2=" " tag="500"><subfield code="a">&quot;Fremlagt i den hist-filos. klasses m&#248;te den 20. mai 1938.&quot;</subfield></datafield><datafield ind1=" " ind2=" " tag="500"><subfield code="a">Trykt for Fridtjof Nasens fond.</subfield></datafield><datafield ind1=" " ind2=" " tag="500"><subfield code="a">[Full name: Hans Kamstrup Vogt]</subfield></datafield><datafield ind1=" " ind2=" " tag="546"><subfield code="a">English.</subfield></datafield><datafield ind1=" " ind2="0" tag="650"><subfield code="a">Kalispel language.</subfield></datafield><datafield ind1="2" ind2="0" tag="710"><subfield code="a">Norske videnskaps-akademi i Oslo.</subfield></datafield><datafield ind1=" " ind2=" " tag="035"><subfield code="a">(TxDaGIAL)37741100016206</subfield></datafield><controlfield tag="005">20080624160049.0</controlfield><controlfield tag="001">4633</controlfield><controlfield tag="003">TxDaGIAL</controlfield><datafield ind1=" " ind2=" " tag="852"><subfield code="p">37741100016206</subfield><subfield code="a">Library</subfield><subfield code="x">COPYID:5505</subfield><subfield code="x">FSC@aRegular@c19970325</subfield><subfield code="h">497.3 V886k 1940</subfield><subfield code="z">732</subfield></datafield></record>