
<record><leader>01209nam a2200301Ia 4500</leader><controlfield tag="008">970204s1994    io       d   l000 0 und  </controlfield><datafield ind1=" " ind2=" " tag="010"><subfield code="a">   95942756</subfield></datafield><datafield ind1=" " ind2=" " tag="035"><subfield code="a">(CU-UC)10805170</subfield></datafield><datafield ind1=" " ind2=" " tag="040"><subfield code="a">DLC</subfield><subfield code="c">DLC</subfield><subfield code="d">JNA</subfield><subfield code="d">CUY</subfield></datafield><datafield ind1="0" ind2=" " tag="041"><subfield code="a">undindeng</subfield></datafield><datafield ind1=" " ind2=" " tag="042"><subfield code="a">lcode</subfield></datafield><datafield ind1="1" ind2=" " tag="100"><subfield code="a">Pikkert, Joost J. J.</subfield></datafield><datafield ind1="1" ind2="0" tag="245"><subfield code="a">Kamus bahasa Tidore, Indonesia, Inggris /</subfield><subfield code="c">oleh Joost J.J. Pikkert, Cheryl M. Pikkert, Husain A. Mahifa ; panitia bahasa Tidore, Hayatuddin Salasa ... [et al.] ; penyunting bahasa Indonesia, Johnny Tjia.</subfield></datafield><datafield ind1=" " ind2=" " tag="260"><subfield code="a">Tidore, Maluku, Indonesia :</subfield><subfield code="b">Pemerintah Daerah Tingkat II Halmahera Tengah,</subfield><subfield code="c">1994.</subfield></datafield><datafield ind1=" " ind2=" " tag="300"><subfield code="a">v, 55 p. ;</subfield><subfield code="c">22 cm.</subfield></datafield><datafield ind1=" " ind2=" " tag="520"><subfield code="a">Tidore, Indonesian, and English dictionary.</subfield></datafield><datafield ind1=" " ind2=" " tag="546"><subfield code="a">In Tidore, Indonesian, and English.</subfield></datafield><datafield ind1=" " ind2="0" tag="650"><subfield code="a">Tidore language</subfield><subfield code="v">Dictionaries</subfield><subfield code="x">Indonesian.</subfield></datafield><datafield ind1=" " ind2="0" tag="650"><subfield code="a">Tidore language</subfield><subfield code="v">Dictionaries</subfield><subfield code="x">English.</subfield></datafield><datafield ind1="1" ind2=" " tag="700"><subfield code="a">Pikkert, Cheryl M.</subfield></datafield><datafield ind1="1" ind2=" " tag="700"><subfield code="a">Mahifa, Husain A.</subfield></datafield><datafield ind1="1" ind2=" " tag="700"><subfield code="a">Salasa, Hayatuddin.</subfield></datafield><datafield ind1="1" ind2=" " tag="700"><subfield code="a">Tjia, Johnny.</subfield></datafield><datafield ind1=" " ind2=" " tag="035"><subfield code="a">(TxDaGIAL)37741100015683</subfield></datafield><controlfield tag="005">20080624160049.0</controlfield><controlfield tag="001">4635</controlfield><controlfield tag="003">TxDaGIAL</controlfield><datafield ind1=" " ind2=" " tag="852"><subfield code="p">37741100015683</subfield><subfield code="a">Library</subfield><subfield code="9">$0.00</subfield><subfield code="x">COPYID:5507</subfield><subfield code="x">FSC@aRegular@c19970311</subfield><subfield code="h">499.22 P636k 1994</subfield><subfield code="z">Indonesia Branch 2-95</subfield></datafield></record>