
<record><leader>01052nam a2200289 i 4500</leader><controlfield tag="008">960701s1994    vtua          001 0 eng d</controlfield><datafield ind1=" " ind2=" " tag="010"><subfield code="a">   93061452</subfield></datafield><datafield ind1=" " ind2=" " tag="040"><subfield code="a">DLC</subfield><subfield code="c">TxDaGIAL</subfield><subfield code="d">TxDaGIAL</subfield></datafield><datafield ind1=" " ind2=" " tag="043"><subfield code="a">a-ja---</subfield></datafield><datafield ind1="0" ind2="0" tag="082"><subfield code="a">495.6/82421</subfield><subfield code="2">20</subfield></datafield><datafield ind1="1" ind2=" " tag="100"><subfield code="a">Foerster, Andreas,</subfield><subfield code="d">1963-</subfield></datafield><datafield ind1="1" ind2="0" tag="245"><subfield code="a">Kanji ABC :</subfield><subfield code="b">a systematic approach to Japanese characters /</subfield><subfield code="c">Andreas Foerster and Naoko Tamura.</subfield></datafield><datafield ind1=" " ind2=" " tag="250"><subfield code="a">1st ed.</subfield></datafield><datafield ind1=" " ind2=" " tag="260"><subfield code="a">Rutland, VT :</subfield><subfield code="b">Charles E. Tuttle,</subfield><subfield code="c">c1994.</subfield></datafield><datafield ind1=" " ind2=" " tag="300"><subfield code="a">xiv, 253 p. :</subfield><subfield code="b">ill. ;</subfield><subfield code="c">23 cm.</subfield></datafield><datafield ind1=" " ind2=" " tag="500"><subfield code="a">Includes index.</subfield></datafield><datafield ind1=" " ind2=" " tag="500"><subfield code="a">Originally published in German in 1992 by Max Hueber.</subfield></datafield><datafield ind1=" " ind2="0" tag="650"><subfield code="a">Chinese characters</subfield><subfield code="z">Japan.</subfield></datafield><datafield ind1=" " ind2="0" tag="650"><subfield code="a">Chinese characters</subfield><subfield code="v">Miscellanea.</subfield></datafield><datafield ind1=" " ind2="0" tag="650"><subfield code="a">Japanese language</subfield><subfield code="v">Glossaries, vocabularies, etc.</subfield></datafield><datafield ind1=" " ind2="0" tag="650"><subfield code="a">Japanese language</subfield><subfield code="x">Writing.</subfield></datafield><datafield ind1="1" ind2="0" tag="700"><subfield code="a">Tamura, Naoko.</subfield></datafield><datafield ind1=" " ind2=" " tag="035"><subfield code="a">(TxDaGIAL)37741100012196</subfield></datafield><controlfield tag="005">20080624160050.0</controlfield><controlfield tag="001">4639</controlfield><controlfield tag="003">TxDaGIAL</controlfield><datafield ind1=" " ind2=" " tag="852"><subfield code="p">37741100012196</subfield><subfield code="a">Library</subfield><subfield code="9">$17.36</subfield><subfield code="x">FUND:Ling</subfield><subfield code="x">COPYID:5511</subfield><subfield code="x">FSC@aRegular@c19960625</subfield><subfield code="h">495.6 F654k 1994</subfield><subfield code="z">B/T 1-96</subfield></datafield></record>