
<record><leader>00801nam a2200241 a 4500</leader><controlfield tag="008">930928s1993    vtua          000 0 eng d</controlfield><datafield ind1=" " ind2=" " tag="020"><subfield code="a">0804818681</subfield></datafield><datafield ind1=" " ind2=" " tag="035"><subfield code="a">(CU-UC)9105732</subfield></datafield><datafield ind1=" " ind2=" " tag="040"><subfield code="a">OSU</subfield><subfield code="c">OSU</subfield><subfield code="d">CUV</subfield></datafield><datafield ind1="0" ind2="4" tag="082"><subfield code="a">495.683421</subfield><subfield code="2">20</subfield></datafield><datafield ind1="1" ind2=" " tag="100"><subfield code="a">Tse, Peter.</subfield></datafield><datafield ind1="1" ind2="0" tag="245"><subfield code="a">Kansai Japanese :</subfield><subfield code="b">the language of &#332;saka, Ky&#333;to, and Western Japan /</subfield><subfield code="c">Peter Tse.</subfield></datafield><datafield ind1=" " ind2=" " tag="260"><subfield code="a">Rutland, Vt. :</subfield><subfield code="b">C.E. Tuttle Co.,</subfield><subfield code="c">c1993.</subfield></datafield><datafield ind1=" " ind2=" " tag="300"><subfield code="a">147 p. :</subfield><subfield code="b">ill. ;</subfield><subfield code="c">19 cm.</subfield></datafield><datafield ind1=" " ind2=" " tag="500"><subfield code="a">Cover title also in Japanese: Kansai-ben.</subfield></datafield><datafield ind1=" " ind2=" " tag="546"><subfield code="a">English.</subfield></datafield><datafield ind1=" " ind2="0" tag="650"><subfield code="a">Japanese language</subfield><subfield code="x">Dialects.</subfield></datafield><datafield ind1="0" ind2="1" tag="740"><subfield code="a">Kansai-ben.</subfield></datafield><datafield ind1=" " ind2=" " tag="035"><subfield code="a">(TxDaGIAL)37741100015365</subfield></datafield><controlfield tag="005">20080624160050.0</controlfield><controlfield tag="001">4640</controlfield><controlfield tag="003">TxDaGIAL</controlfield><datafield ind1=" " ind2=" " tag="852"><subfield code="p">37741100015365</subfield><subfield code="a">Library</subfield><subfield code="9">$13.01</subfield><subfield code="x">COPYID:5512</subfield><subfield code="x">FSC@aRegular@c19970224</subfield><subfield code="h">495.67 T882k 1993</subfield><subfield code="z">B/T 2-94</subfield></datafield></record>