
<record><leader>00875nam a2200253Ii 4500</leader><controlfield tag="008">741017s1932    dcua          00010 eng u</controlfield><datafield ind1=" " ind2=" " tag="010"><subfield code="a">   32026482</subfield></datafield><datafield ind1=" " ind2=" " tag="035"><subfield code="a">(CU-UC)694888</subfield></datafield><datafield ind1=" " ind2=" " tag="040"><subfield code="c">KEN</subfield><subfield code="d">m.c.</subfield><subfield code="d">CLU</subfield><subfield code="d">TxDaGIAL</subfield></datafield><datafield ind1="0" ind2=" " tag="050"><subfield code="a">E51</subfield><subfield code="b">.U6 no.107</subfield><subfield code="a">E99.K25H3</subfield></datafield><datafield ind1="1" ind2="0" tag="100"><subfield code="a">Harrington, John Peabody.</subfield></datafield><datafield ind1="1" ind2="0" tag="245"><subfield code="a">Karuk Indian myths /</subfield><subfield code="c">by John P. Harrington.</subfield></datafield><datafield ind1="0" ind2=" " tag="260"><subfield code="a">Washington :</subfield><subfield code="b">U.S. Govt. print. off.,</subfield><subfield code="c">1932.</subfield></datafield><datafield ind1=" " ind2=" " tag="300"><subfield code="a">v, 34 p. :</subfield><subfield code="b">diagr. ;</subfield><subfield code="c">24 cm.</subfield></datafield><datafield ind1=" " ind2="0" tag="440"><subfield code="a">Smithsonian institution.</subfield><subfield code="p">Bureau of American Ethnology ;</subfield><subfield code="v">bulletin 107</subfield></datafield><datafield ind1=" " ind2=" " tag="546"><subfield code="a">English.</subfield></datafield><datafield ind1=" " ind2="0" tag="650"><subfield code="a">Karok Indians</subfield><subfield code="v">Folklore.</subfield></datafield><datafield ind1=" " ind2="0" tag="650"><subfield code="a">Karok language.</subfield></datafield><datafield ind1=" " ind2="0" tag="650"><subfield code="a">Indians of North America</subfield><subfield code="v">Folklore.</subfield></datafield><datafield ind1=" " ind2=" " tag="035"><subfield code="a">(TxDaGIAL)37741100018208</subfield></datafield><controlfield tag="005">20080624160052.0</controlfield><controlfield tag="001">4649</controlfield><controlfield tag="003">TxDaGIAL</controlfield><datafield ind1=" " ind2=" " tag="852"><subfield code="p">37741100018208</subfield><subfield code="a">Library</subfield><subfield code="x">COPYID:5521</subfield><subfield code="x">FSC@aRegular@c19970605</subfield><subfield code="h">306.05 S664b 107 1932</subfield></datafield></record>