
<record><leader>00750nam a2200193 i 4500</leader><controlfield tag="008">750813@1953@@@@ja           @@@0 0@eng u</controlfield><datafield ind1=" " ind2=" " tag="040"><subfield code="c">FM</subfield><subfield code="d">RPB</subfield><subfield code="d">CStRLIN</subfield></datafield><datafield ind1="0" ind2=" " tag="041"><subfield code="a">engjpn</subfield></datafield><datafield ind1="0" ind2="0" tag="245"><subfield code="a">Kenkyusha's new English-Japanese dictionary on bilingual principles. /</subfield><subfield code="c">Tamihei Iwasaki [and] Jujiro Kawamura, general editors;  Sanki Ichipawa, editorial adviser.</subfield></datafield><datafield ind1=" " ind2=" " tag="250"><subfield code="a">An entirely new ed.</subfield></datafield><datafield ind1=" " ind2=" " tag="260"><subfield code="a">Tokyo :</subfield><subfield code="b">Kenkyusha,</subfield><subfield code="c">[c1953]</subfield></datafield><datafield ind1=" " ind2=" " tag="300"><subfield code="a">xxxii, 2123 p. :</subfield><subfield code="b">illus. ;</subfield><subfield code="c">24 cm.</subfield></datafield><datafield ind1=" " ind2=" " tag="590"><subfield code="a">Title page missing.</subfield></datafield><datafield ind1=" " ind2="0" tag="650"><subfield code="a">English language</subfield><subfield code="v">Dictionaries</subfield><subfield code="z">Japanese.</subfield></datafield><datafield ind1=" " ind2=" " tag="035"><subfield code="a">(TxDaGIAL)37741100015386</subfield></datafield><controlfield tag="005">20080624160053.0</controlfield><controlfield tag="001">4655</controlfield><controlfield tag="003">TxDaGIAL</controlfield><datafield ind1=" " ind2=" " tag="852"><subfield code="p">37741100015386</subfield><subfield code="a">Library</subfield><subfield code="x">COPYID:5527</subfield><subfield code="x">FSC@aRegular@c19970224</subfield><subfield code="h">423.956 K33 1953</subfield><subfield code="z">1392</subfield></datafield></record>