
<record><leader>00909nam a2200241 i 4500</leader><controlfield tag="008">790315s1979    dcua          00010 eng  </controlfield><datafield ind1=" " ind2=" " tag="010"><subfield code="a">   78065430</subfield></datafield><datafield ind1=" " ind2=" " tag="020"><subfield code="a">0819106593</subfield></datafield><datafield ind1=" " ind2=" " tag="040"><subfield code="a">DLC</subfield><subfield code="c">DLC</subfield><subfield code="d">TxDaGIAL</subfield></datafield><datafield ind1="0" ind2=" " tag="041"><subfield code="a">engswa</subfield></datafield><datafield ind1="0" ind2=" " tag="050"><subfield code="a">PL8702</subfield><subfield code="b">.H5</subfield></datafield><datafield ind1=" " ind2=" " tag="082"><subfield code="a">496/.392/82421</subfield></datafield><datafield ind1="1" ind2="0" tag="100"><subfield code="a">Hinnebusch, Thomas J.</subfield></datafield><datafield ind1="1" ind2="0" tag="245"><subfield code="a">Kiswahili, msingi wa kusema kusoma na kuandika =</subfield><subfield code="b">Swahili, a foundation for speaking, reading, and writing /</subfield><subfield code="c">Thomas J. Hinnebusch, Sarah M. Mirza ; illustrated by Adelheid U. Stein.</subfield></datafield><datafield ind1="0" ind2=" " tag="260"><subfield code="a">Washington :</subfield><subfield code="b">University Press of America,</subfield><subfield code="c">c1979.</subfield></datafield><datafield ind1=" " ind2=" " tag="300"><subfield code="a">xxi, 272 p. :</subfield><subfield code="b">ill. ;</subfield><subfield code="c">28 cm.</subfield></datafield><datafield ind1=" " ind2="0" tag="650"><subfield code="a">Swahili language</subfield><subfield code="x">Grammar.</subfield></datafield><datafield ind1="1" ind2="0" tag="700"><subfield code="a">Mirza, Sarah M.,</subfield><subfield code="e">joint author.</subfield></datafield><datafield ind1=" " ind2=" " tag="035"><subfield code="a">(TxDaGIAL)37741100006937</subfield></datafield><controlfield tag="005">20080624160100.0</controlfield><controlfield tag="001">4685</controlfield><controlfield tag="003">TxDaGIAL</controlfield><datafield ind1=" " ind2=" " tag="852"><subfield code="p">37741100006937</subfield><subfield code="a">Library</subfield><subfield code="x">COPYID:5559</subfield><subfield code="x">FSC@aRegular@c19950816</subfield><subfield code="h">496.39282421 H663k 1979</subfield><subfield code="z">12433</subfield></datafield></record>