
<record><leader>01191pam a2200289 a 4500</leader><controlfield tag="008">941014s1994    nbu      bd  s000 0 eng  </controlfield><datafield ind1=" " ind2=" " tag="010"><subfield code="a">   94016427</subfield></datafield><datafield ind1=" " ind2=" " tag="020"><subfield code="a">0803227264 :</subfield><subfield code="c">$50.00</subfield></datafield><datafield ind1=" " ind2=" " tag="040"><subfield code="a">DLC</subfield><subfield code="c">DLC</subfield><subfield code="d">DLC</subfield></datafield><datafield ind1="0" ind2="0" tag="050"><subfield code="a">PM1571.Z5</subfield><subfield code="b">K55 1994</subfield></datafield><datafield ind1="0" ind2="0" tag="082"><subfield code="a">497/.3</subfield><subfield code="2">20</subfield></datafield><datafield ind1="1" ind2=" " tag="100"><subfield code="a">Kimball, Geoffrey D.,</subfield><subfield code="d">1954-</subfield></datafield><datafield ind1="1" ind2="0" tag="245"><subfield code="a">Koasati dictionary /</subfield><subfield code="c">Geoffrey D. Kimball, with the assistance of Bel Abbey ... [et al.].</subfield></datafield><datafield ind1=" " ind2=" " tag="260"><subfield code="a">Lincoln :</subfield><subfield code="b">University of Nebraska Press,</subfield><subfield code="c">c1994.</subfield></datafield><datafield ind1=" " ind2=" " tag="300"><subfield code="a">xxxiv, 406 p. ;</subfield><subfield code="c">24 cm.</subfield></datafield><datafield ind1=" " ind2="0" tag="440"><subfield code="a">Studies in the anthropology of North American Indians</subfield></datafield><datafield ind1=" " ind2=" " tag="500"><subfield code="a">"In cooperation with the American Indian Studies Research Institute, Indiana University, Bloomington."</subfield></datafield><datafield ind1=" " ind2=" " tag="504"><subfield code="a">Includes bibliographical references.</subfield></datafield><datafield ind1=" " ind2="0" tag="650"><subfield code="a">Koasati language</subfield><subfield code="v">Dictionaries</subfield><subfield code="x">English.</subfield></datafield><datafield ind1=" " ind2="0" tag="650"><subfield code="a">English language</subfield><subfield code="v">Dictionaries</subfield><subfield code="x">Koasati.</subfield></datafield><datafield ind1="1" ind2="0" tag="700"><subfield code="a">Abbey, Bel.</subfield></datafield><datafield ind1="2" ind2="0" tag="710"><subfield code="a">Indiana University.</subfield><subfield code="b">American Indian Studies Research Institute.</subfield></datafield><datafield ind1=" " ind2=" " tag="035"><subfield code="a">(TxDaGIAL)37741100010435</subfield></datafield><controlfield tag="005">20080624160101.0</controlfield><controlfield tag="001">4690</controlfield><controlfield tag="003">TxDaGIAL</controlfield><datafield ind1=" " ind2=" " tag="852"><subfield code="p">37741100010435</subfield><subfield code="a">Library</subfield><subfield code="9">$43.50</subfield><subfield code="x">FUND:Ling</subfield><subfield code="x">COPYID:5564</subfield><subfield code="x">FSC@aRegular@c19960326</subfield><subfield code="h">497.382 K49k 1994</subfield><subfield code="z">B/T 3-96</subfield></datafield></record>