
<record><leader>00652nam a2200193 a 4500</leader><controlfield tag="008">970804s1961    vm            000 0 eng d</controlfield><datafield ind1=" " ind2=" " tag="040"><subfield code="a">TxDaGIAL</subfield><subfield code="c">TxDaGIAL</subfield></datafield><datafield ind1="0" ind2=" " tag="041"><subfield code="a">engmkh</subfield></datafield><datafield ind1=" " ind2=" " tag="094"><subfield code="a">kpm00</subfield><subfield code="2">ROPAL</subfield></datafield><datafield ind1="0" ind2="0" tag="245"><subfield code="a">Koho language course.</subfield></datafield><datafield ind1=" " ind2=" " tag="260"><subfield code="a">Vietnam,</subfield><subfield code="c">[1961]</subfield></datafield><datafield ind1=" " ind2=" " tag="300"><subfield code="a">3, 76 leaves ;</subfield><subfield code="c">28 cm.</subfield></datafield><datafield ind1=" " ind2=" " tag="500"><subfield code="a">Includes: Suggestions for a sound missionary language course [by] William A. Smalley (leaves 1-3)</subfield></datafield><datafield ind1=" " ind2="0" tag="650"><subfield code="a">Koho language</subfield><subfield code="x">Study and teaching.</subfield></datafield><datafield ind1=" " ind2=" " tag="035"><subfield code="a">(TxDaGIAL)37741100019537</subfield></datafield><controlfield tag="005">20080624160101.0</controlfield><controlfield tag="001">4691</controlfield><controlfield tag="003">TxDaGIAL</controlfield><datafield ind1=" " ind2=" " tag="852"><subfield code="p">37741100019537</subfield><subfield code="a">Library</subfield><subfield code="x">COPYID:5565</subfield><subfield code="x">FSC@aRegular@c19970806</subfield><subfield code="h">495.931 S955k 1961</subfield><subfield code="z">2769</subfield></datafield></record>