
<record><leader>01092pam a2200277 a 4500</leader><controlfield tag="008">870820s1989    enk      b    00110 eng  </controlfield><datafield ind1=" " ind2=" " tag="010"><subfield code="a">   87025027</subfield></datafield><datafield ind1=" " ind2=" " tag="020"><subfield code="a">0197136060 :</subfield><subfield code="c">&#163;20.00 (est.) ($30.00 U.S.)</subfield></datafield><datafield ind1=" " ind2=" " tag="040"><subfield code="a">DLC</subfield><subfield code="c">DLC</subfield><subfield code="d">DLC</subfield></datafield><datafield ind1="0" ind2="0" tag="050"><subfield code="a">PL911</subfield><subfield code="b">.Y46 1989</subfield></datafield><datafield ind1="0" ind2="0" tag="082"><subfield code="a">495.7/5</subfield><subfield code="2">19</subfield></datafield><datafield ind1="1" ind2="0" tag="100"><subfield code="a">Yi, Hy&#335;n-bok,</subfield><subfield code="d">1936-</subfield></datafield><datafield ind1="1" ind2="0" tag="245"><subfield code="a">Korean grammar /</subfield><subfield code="c">Hansol H.B. Lee.</subfield></datafield><datafield ind1="0" ind2=" " tag="260"><subfield code="a">Oxford [Oxfordshire] ;</subfield><subfield code="a">New York :</subfield><subfield code="b">Oxford University Press,</subfield><subfield code="c">1989.</subfield></datafield><datafield ind1=" " ind2=" " tag="300"><subfield code="a">xiii, 216 p. ;</subfield><subfield code="c">26 cm.</subfield></datafield><datafield ind1=" " ind2=" " tag="500"><subfield code="a">Originally presented as the author's thesis (doctoral--University of London) under the title: A study of Korean syntax.</subfield></datafield><datafield ind1=" " ind2=" " tag="500"><subfield code="a">"School of Oriental and African Studies"-- Half-title.</subfield></datafield><datafield ind1=" " ind2=" " tag="504"><subfield code="a">Bibliography: p. 195-207.</subfield></datafield><datafield ind1=" " ind2=" " tag="500"><subfield code="a">Includes index.</subfield></datafield><datafield ind1=" " ind2="0" tag="650"><subfield code="a">Korean language</subfield><subfield code="x">Grammar.</subfield></datafield><datafield ind1="2" ind2="0" tag="710"><subfield code="a">University of London.</subfield><subfield code="b">School of Oriental and African Studies.</subfield></datafield><datafield ind1=" " ind2=" " tag="035"><subfield code="a">(TxDaGIAL)37741100009362</subfield></datafield><controlfield tag="005">20080624160102.0</controlfield><controlfield tag="001">4697</controlfield><controlfield tag="003">TxDaGIAL</controlfield><datafield ind1=" " ind2=" " tag="852"><subfield code="p">37741100009362</subfield><subfield code="a">Library</subfield><subfield code="9">$54.00</subfield><subfield code="x">COPYID:5572</subfield><subfield code="x">FSC@aRegular@c19951108</subfield><subfield code="h">495.75 Y51k 1989</subfield><subfield code="z">B/T 6-92</subfield></datafield></record>