
<record><leader>00862Qam a2200229 a 4500</leader><controlfield tag="008">821105m19441946cau           000 0 eng  </controlfield><datafield ind1=" " ind2=" " tag="010"><subfield code="a">a  44005525</subfield></datafield><datafield ind1=" " ind2=" " tag="035"><subfield code="a">(CU-UC)dlaisn952257</subfield></datafield><datafield ind1=" " ind2=" " tag="040"><subfield code="a">DLC</subfield><subfield code="c">CarP</subfield><subfield code="d">CU-SC</subfield><subfield code="d">TxDaGIAL</subfield></datafield><datafield ind1="1" ind2=" " tag="100"><subfield code="a">Emeneau, M. B.</subfield><subfield code="q">(Murray Barnson),</subfield><subfield code="d">1904-</subfield></datafield><datafield ind1="1" ind2="0" tag="245"><subfield code="a">Kota texts.</subfield></datafield><datafield ind1=" " ind2=" " tag="260"><subfield code="a">Berkeley :</subfield><subfield code="b">University of California Press,</subfield><subfield code="c">1944-46.</subfield></datafield><datafield ind1=" " ind2=" " tag="300"><subfield code="a">4 v. in one ;</subfield><subfield code="c">27 cm.</subfield></datafield><datafield ind1="1" ind2=" " tag="490"><subfield code="a">University of California publications in linguistics, v.2, no.1-2; v.3, no.1-2</subfield></datafield><datafield ind1=" " ind2=" " tag="546"><subfield code="a">English.</subfield></datafield><datafield ind1=" " ind2="0" tag="650"><subfield code="a">Kota language (India)</subfield><subfield code="v">Texts.</subfield></datafield><datafield ind1="1" ind2=" " tag="810"><subfield code="a">California.</subfield><subfield code="b">University of California</subfield><subfield code="t">publications in linguistics ;</subfield><subfield code="v">v. 2, no. 1-2, etc.</subfield></datafield><datafield ind1=" " ind2=" " tag="035"><subfield code="a">(TxDaGIAL)37741100014718</subfield></datafield><controlfield tag="005">20080624160102.0</controlfield><controlfield tag="001">4698</controlfield><controlfield tag="003">TxDaGIAL</controlfield><datafield ind1=" " ind2=" " tag="852"><subfield code="p">37741100014718</subfield><subfield code="a">Library</subfield><subfield code="x">COPYID:5573</subfield><subfield code="x">FSC@aRegular@c19970127</subfield><subfield code="h">494.81 E53k 1944-46</subfield><subfield code="z">136</subfield></datafield></record>