
<record><leader>00718nam a2200217 i 4500</leader><controlfield tag="008">810814s1974    np            00010 eng  </controlfield><datafield ind1=" " ind2=" " tag="010"><subfield code="a">   74903542</subfield></datafield><datafield ind1=" " ind2=" " tag="020"><subfield code="c">Rs15.00</subfield></datafield><datafield ind1=" " ind2=" " tag="040"><subfield code="a">DLC</subfield><subfield code="c">DLC</subfield></datafield><datafield ind1="0" ind2=" " tag="050"><subfield code="a">PK2584.K681</subfield><subfield code="b">G8</subfield></datafield><datafield ind1="0" ind2=" " tag="082"><subfield code="a">491/.45</subfield><subfield code="2">19</subfield></datafield><datafield ind1="1" ind2="0" tag="100"><subfield code="a">Gustafsson, Uwe,</subfield><subfield code="d">1938-</subfield></datafield><datafield ind1="1" ind2="0" tag="245"><subfield code="a">Kotia Oriya phonemic summary /</subfield><subfield code="c">Uwe Gustafsson.</subfield></datafield><datafield ind1="0" ind2=" " tag="260"><subfield code="a">[s.l. :</subfield><subfield code="b">s.n.,</subfield><subfield code="c">1974]</subfield><subfield code="e">(Kirtipur :</subfield><subfield code="f">University Press, Tribhuvan University)</subfield></datafield><datafield ind1=" " ind2=" " tag="300"><subfield code="a">viii, 43 p. ;</subfield><subfield code="c">23 cm.</subfield></datafield><datafield ind1=" " ind2="0" tag="650"><subfield code="a">Adiwasi Oriya language</subfield><subfield code="x">Phonemics.</subfield></datafield><datafield ind1=" " ind2=" " tag="035"><subfield code="a">(TxDaGIAL)37741100004007</subfield></datafield><controlfield tag="005">20080624160102.0</controlfield><controlfield tag="001">4699</controlfield><controlfield tag="003">TxDaGIAL</controlfield><datafield ind1=" " ind2=" " tag="852"><subfield code="p">37741100004007</subfield><subfield code="a">Library</subfield><subfield code="9">$0.00</subfield><subfield code="x">COPYID:5574</subfield><subfield code="x">FSC@aRegular@c19950508</subfield><subfield code="h">491.45 G982k 1974</subfield><subfield code="z">9714</subfield></datafield></record>