
<record><leader>00542nam a2200169 a 4500</leader><controlfield tag="008">971029s1982    ii            000 0 eng d</controlfield><datafield ind1=" " ind2=" " tag="040"><subfield code="a">TxDaGIAL</subfield><subfield code="c">TxDaGIAL</subfield></datafield><datafield ind1="1" ind2=" " tag="100"><subfield code="a">Devagnanavaram, D.</subfield></datafield><datafield ind1="1" ind2="0" tag="245"><subfield code="a">Koya phonemic summary /</subfield><subfield code="c">D. Devagnanavaram.</subfield></datafield><datafield ind1=" " ind2=" " tag="260"><subfield code="a">Andhra Pradesh :</subfield><subfield code="b">IEM Outreach,</subfield><subfield code="c">1982.</subfield></datafield><datafield ind1=" " ind2=" " tag="300"><subfield code="a">vi, 52 p. ;</subfield><subfield code="c">21 cm.</subfield></datafield><datafield ind1=" " ind2="0" tag="650"><subfield code="a">Koya language.</subfield></datafield><datafield ind1=" " ind2=" " tag="035"><subfield code="a">(TxDaGIAL)37741100021528</subfield></datafield><controlfield tag="005">20080624160102.0</controlfield><controlfield tag="001">4700</controlfield><controlfield tag="003">TxDaGIAL</controlfield><datafield ind1=" " ind2=" " tag="852"><subfield code="p">37741100021528</subfield><subfield code="a">Library</subfield><subfield code="x">COPYID:5575</subfield><subfield code="x">FSC@aRegular@c19971031</subfield><subfield code="h">494.82 D488k 1982</subfield><subfield code="z">13747</subfield></datafield></record>