
<record><leader>01156cam a2200277 a 4500</leader><controlfield tag="008">800923s1975    np       d    00010 nep d</controlfield><datafield ind1=" " ind2=" " tag="035"><subfield code="a">(CU-UC)2923023</subfield></datafield><datafield ind1=" " ind2=" " tag="040"><subfield code="a">JNA</subfield><subfield code="c">JNA</subfield><subfield code="d">CLU</subfield><subfield code="d">TxDaGIAL</subfield></datafield><datafield ind1="1" ind2="0" tag="100"><subfield code="a">Rai, Krishna Prasad.</subfield></datafield><datafield ind1="1" ind2="0" tag="245"><subfield code="a">Kulung-Nepali-English glossary /</subfield><subfield code="c">Krishna Prasad Rai, Anna and Andreas Holzhausen.</subfield></datafield><datafield ind1="0" ind2=" " tag="260"><subfield code="a">Kathmandu :</subfield><subfield code="b">Summer Institute of Linguistics, Institute of Nepal and Asian Studies, Tribhuvan University,</subfield><subfield code="c">1975.</subfield></datafield><datafield ind1=" " ind2=" " tag="300"><subfield code="a">x, 85 p. ;</subfield><subfield code="c">22 cm.</subfield></datafield><datafield ind1=" " ind2=" " tag="500"><subfield code="a">Added t.p. in Nepali, with title (romanized): Kulu r&#299;&#7749;a.</subfield></datafield><datafield ind1=" " ind2=" " tag="500"><subfield code="a">Introductory material in English and Nepali.</subfield></datafield><datafield ind1=" " ind2=" " tag="546"><subfield code="a">English, Kulung and Nepali.</subfield></datafield><datafield ind1=" " ind2="0" tag="650"><subfield code="a">Kulung language</subfield><subfield code="v">Dictionaries</subfield><subfield code="x">Nepali.</subfield></datafield><datafield ind1=" " ind2="0" tag="650"><subfield code="a">Kulung language</subfield><subfield code="v">Dictionaries</subfield><subfield code="x">English.</subfield></datafield><datafield ind1="1" ind2="0" tag="700"><subfield code="a">Holzhausen, Anna.</subfield></datafield><datafield ind1="1" ind2="0" tag="700"><subfield code="a">Holzhausen, Andreas,</subfield><subfield code="d">1940-</subfield></datafield><datafield ind1="0" ind2="1" tag="740"><subfield code="a">Kulu r&#299;&#7749;a.</subfield></datafield><datafield ind1=" " ind2=" " tag="035"><subfield code="a">(TxDaGIAL)37741100017000</subfield></datafield><controlfield tag="005">20080624160103.0</controlfield><controlfield tag="001">4705</controlfield><controlfield tag="003">TxDaGIAL</controlfield><datafield ind1=" " ind2=" " tag="852"><subfield code="p">37741100017000</subfield><subfield code="a">Library</subfield><subfield code="x">COPYID:5580</subfield><subfield code="x">FSC@aRegular@c19971128</subfield><subfield code="h">495.49 R149k 1975</subfield></datafield><datafield ind1=" " ind2=" " tag="852"><subfield code="p">37741100021982</subfield><subfield code="a">Library</subfield><subfield code="x">COPYID:5581</subfield><subfield code="x">FSC@aRegular@c19971124</subfield><subfield code="h">495.49 R149k 1975</subfield><subfield code="z">9717</subfield></datafield></record>