
<record><leader>00927nam a2200241 i 4500</leader><controlfield tag="008">770127s1975    np            00010 eng  </controlfield><datafield ind1=" " ind2=" " tag="010"><subfield code="a">   76900160</subfield></datafield><datafield ind1=" " ind2=" " tag="020"><subfield code="c">Rs18.00</subfield></datafield><datafield ind1=" " ind2=" " tag="040"><subfield code="a">DLC</subfield><subfield code="c">DLC</subfield></datafield><datafield ind1="0" ind2=" " tag="050"><subfield code="a">PK2246</subfield><subfield code="b">.C5</subfield></datafield><datafield ind1=" " ind2=" " tag="082"><subfield code="a">491/.45/15</subfield></datafield><datafield ind1="1" ind2="0" tag="100"><subfield code="a">Christmas, R. B.</subfield></datafield><datafield ind1="1" ind2="0" tag="245"><subfield code="a">Kupia phonemic summary /</subfield><subfield code="c">R. B. Christmas, J. E. Christmas.</subfield></datafield><datafield ind1="0" ind2=" " tag="260"><subfield code="a">[Kathmandu] :</subfield><subfield code="b">Summer Institute of Linguistics, Institute of Nepal and Asian Studies, Tribhuvan University,</subfield><subfield code="c">1975.</subfield></datafield><datafield ind1=" " ind2=" " tag="300"><subfield code="a">ix, 66 p. ;</subfield><subfield code="c">22 cm.</subfield></datafield><datafield ind1=" " ind2=" " tag="500"><subfield code="a">"This volume is one in a series of phonemic summaries prepared by the Summer Institute of Linguistics in India."</subfield></datafield><datafield ind1=" " ind2="0" tag="650"><subfield code="a">Kupia language</subfield><subfield code="x">Phonemics.</subfield></datafield><datafield ind1="1" ind2="0" tag="700"><subfield code="a">Christmas, J. E.,</subfield><subfield code="e">joint author.</subfield></datafield><datafield ind1=" " ind2=" " tag="035"><subfield code="a">(TxDaGIAL)37741100004008</subfield></datafield><controlfield tag="005">20080624160104.0</controlfield><controlfield tag="001">4711</controlfield><controlfield tag="003">TxDaGIAL</controlfield><datafield ind1=" " ind2=" " tag="852"><subfield code="p">37741100004008</subfield><subfield code="a">Library</subfield><subfield code="9">$0.00</subfield><subfield code="x">COPYID:5588</subfield><subfield code="x">FSC@aRegular@c19950508</subfield><subfield code="h">491.4515 C555k 1975</subfield><subfield code="z">8733</subfield></datafield></record>