
<record><leader>00851pam a2200217 i 4500</leader><controlfield tag="008">751023s1947    pau           00010 engm </controlfield><datafield ind1=" " ind2=" " tag="010"><subfield code="a">74007939</subfield></datafield><datafield ind1=" " ind2=" " tag="020"><subfield code="a">0404118267</subfield></datafield><datafield ind1=" " ind2=" " tag="040"><subfield code="a">DLC</subfield><subfield code="c">DLC</subfield><subfield code="d">m.c.</subfield><subfield code="d">AZU</subfield></datafield><datafield ind1=" " ind2=" " tag="094"><subfield code="a">kwk00</subfield><subfield code="2">ROPAL</subfield></datafield><datafield ind1="1" ind2="0" tag="100"><subfield code="a">Boas, Franz,</subfield><subfield code="d">1858-1942.</subfield></datafield><datafield ind1="1" ind2="0" tag="245"><subfield code="a">Kwakiutl grammar, with a glossary of the suffixes /</subfield><subfield code="c">Franz Boas ; edited by Helene Boas Yampolsky, with the collaboration of Zellig S. Harris.</subfield></datafield><datafield ind1="0" ind2=" " tag="260"><subfield code="a">Philadelphia :</subfield><subfield code="b">American Philosophical Society,</subfield><subfield code="c">1947.</subfield></datafield><datafield ind1=" " ind2=" " tag="300"><subfield code="a">p. 203-377 ;</subfield><subfield code="c">29 cm.</subfield></datafield><datafield ind1=" " ind2="0" tag="650"><subfield code="a">Kwakiutl language</subfield><subfield code="x">Grammar.</subfield></datafield><datafield ind1=" " ind2="0" tag="830"><subfield code="a">Transactions of the American Philosophical Society ;</subfield><subfield code="v">new ser., v. 37, pt. 3.</subfield></datafield><datafield ind1=" " ind2=" " tag="035"><subfield code="a">(TxDaGIAL)37741100016191</subfield></datafield><controlfield tag="005">20080624160105.0</controlfield><controlfield tag="001">4714</controlfield><controlfield tag="003">TxDaGIAL</controlfield><datafield ind1=" " ind2=" " tag="852"><subfield code="p">37741100016191</subfield><subfield code="a">Library</subfield><subfield code="x">COPYID:5591</subfield><subfield code="x">FSC@aRegular@c19970325</subfield><subfield code="h">497.3 B662kw 1947</subfield><subfield code="z">532</subfield></datafield></record>