
<record><leader>00703nam a2200193Ia 4500</leader><controlfield tag="008">811207s1960    enk      d    00010 eng d</controlfield><datafield ind1=" " ind2=" " tag="040"><subfield code="a">NDD</subfield><subfield code="c">NDD</subfield><subfield code="d">TxDaGIAL</subfield></datafield><datafield ind1="0" ind2=" " tag="041"><subfield code="a">engtur</subfield></datafield><datafield ind1="1" ind2="0" tag="100"><subfield code="a">Kornrumpf, Hans-J&#252;rgen.</subfield></datafield><datafield ind1="1" ind2="0" tag="245"><subfield code="a">Langenscheidt's universal dictionary :</subfield><subfield code="b">Turkish-English, English-Turkish /</subfield><subfield code="c">by H.-J. Kornrumpf.</subfield></datafield><datafield ind1="0" ind2=" " tag="260"><subfield code="a">London :</subfield><subfield code="b">Hodder and Stoughton,</subfield><subfield code="c">c1960.</subfield></datafield><datafield ind1=" " ind2=" " tag="300"><subfield code="a">407 p. ;</subfield><subfield code="c">11 cm.</subfield></datafield><datafield ind1=" " ind2="0" tag="650"><subfield code="a">Turkish language</subfield><subfield code="v">Dictionaries</subfield><subfield code="x">English.</subfield></datafield><datafield ind1=" " ind2="0" tag="650"><subfield code="a">English language</subfield><subfield code="v">Dictionaries</subfield><subfield code="x">Turkish.</subfield></datafield><datafield ind1=" " ind2=" " tag="035"><subfield code="a">(TxDaGIAL)37741100020765</subfield></datafield><controlfield tag="005">20080624160111.0</controlfield><controlfield tag="001">4743</controlfield><controlfield tag="003">TxDaGIAL</controlfield><datafield ind1=" " ind2=" " tag="852"><subfield code="p">37741100020765</subfield><subfield code="a">Library</subfield><subfield code="x">COPYID:5622</subfield><subfield code="x">FSC@aRegular@c19971003</subfield><subfield code="h">494.35 K84L 1960</subfield><subfield code="z">11567</subfield></datafield></record>