
<record><leader>01082cam a2200313 i 4500</leader><controlfield tag="008">770308s1977    miua     b    00110 eng  </controlfield><datafield ind1=" " ind2=" " tag="010"><subfield code="a">   77003651 //r84</subfield></datafield><datafield ind1=" " ind2=" " tag="020"><subfield code="a">047208965X :</subfield><subfield code="c">$14.00.</subfield></datafield><datafield ind1=" " ind2=" " tag="020"><subfield code="a">0472089668 (pbk.) :</subfield><subfield code="c">$7.95</subfield></datafield><datafield ind1=" " ind2=" " tag="040"><subfield code="a">DLC</subfield><subfield code="c">DLC</subfield><subfield code="d">TxDaGIAL</subfield></datafield><datafield ind1=" " ind2=" " tag="043"><subfield code="a">n-ust--</subfield></datafield><datafield ind1="0" ind2=" " tag="050"><subfield code="a">E99.N3</subfield><subfield code="b">W678 1977</subfield></datafield><datafield ind1=" " ind2=" " tag="082"><subfield code="a">970/.004/97</subfield></datafield><datafield ind1="1" ind2="0" tag="100"><subfield code="a">Witherspoon, Gary.</subfield></datafield><datafield ind1="1" ind2="0" tag="245"><subfield code="a">Language and art in the Navajo universe /</subfield><subfield code="c">Gary Witherspoon.</subfield></datafield><datafield ind1="0" ind2=" " tag="260"><subfield code="a">Ann Arbor :</subfield><subfield code="b">University of Michigan Press,</subfield><subfield code="c">c1977.</subfield></datafield><datafield ind1=" " ind2=" " tag="300"><subfield code="a">xviii, 214 p., 4 pages of plates :</subfield><subfield code="b">ill., col. plates ;</subfield><subfield code="c">24 cm.</subfield></datafield><datafield ind1=" " ind2=" " tag="504"><subfield code="a">Bibliography: p. 207-210.</subfield></datafield><datafield ind1=" " ind2=" " tag="500"><subfield code="a">Includes index.</subfield></datafield><datafield ind1=" " ind2="0" tag="650"><subfield code="a">Navajo philosophy.</subfield></datafield><datafield ind1=" " ind2="0" tag="650"><subfield code="a">Navajo language.</subfield></datafield><datafield ind1=" " ind2="0" tag="650"><subfield code="a">Navajo art.</subfield></datafield><datafield ind1=" " ind2="0" tag="650"><subfield code="a">Indian philosophy</subfield><subfield code="z">Southwest, New</subfield><subfield code="z">North America.</subfield></datafield><datafield ind1=" " ind2="0" tag="650"><subfield code="a">Indian art</subfield><subfield code="z">Southwest, New</subfield><subfield code="z">North America.</subfield></datafield><datafield ind1=" " ind2=" " tag="035"><subfield code="a">(TxDaGIAL)37741100008351</subfield></datafield><controlfield tag="005">20080624160116.0</controlfield><controlfield tag="001">4757</controlfield><controlfield tag="003">TxDaGIAL</controlfield><datafield ind1=" " ind2=" " tag="852"><subfield code="p">37741100008351</subfield><subfield code="a">Library</subfield><subfield code="x">COPYID:5638</subfield><subfield code="x">FSC@aRegular@c19950921</subfield><subfield code="h">970.00497 W824L 1977</subfield><subfield code="z">5169</subfield></datafield></record>