
<record><leader>00971nam a22002658a 4500</leader><controlfield tag="008">910816s1992    nyua     b    00110 eng  </controlfield><datafield ind1=" " ind2=" " tag="010"><subfield code="a">   91031551</subfield></datafield><datafield ind1=" " ind2=" " tag="020"><subfield code="a">0198239661</subfield></datafield><datafield ind1=" " ind2=" " tag="040"><subfield code="a">DLC</subfield><subfield code="c">DLC</subfield><subfield code="d">TxDaAIL</subfield></datafield><datafield ind1=" " ind2=" " tag="043"><subfield code="a">a-pp---</subfield></datafield><datafield ind1="0" ind2="0" tag="050"><subfield code="a">PM7891.Z9</subfield><subfield code="b">N465 1992</subfield></datafield><datafield ind1="0" ind2="0" tag="082"><subfield code="a">427/.9953</subfield><subfield code="2">20</subfield></datafield><datafield ind1="1" ind2="0" tag="100"><subfield code="a">Romaine, Suzanne,</subfield><subfield code="d">1951-</subfield></datafield><datafield ind1="1" ind2="0" tag="245"><subfield code="a">Language, education, and development :</subfield><subfield code="b">urban and rural Tok Pisin in Papua New Guinea /</subfield><subfield code="c">Suzanne Romaine.</subfield></datafield><datafield ind1="0" ind2=" " tag="260"><subfield code="a">New York :</subfield><subfield code="b">Oxford University Press,</subfield><subfield code="c">1992.</subfield></datafield><datafield ind1=" " ind2=" " tag="300"><subfield code="a">xvii, 392 p. :</subfield><subfield code="b">ill., maps ;</subfield><subfield code="c">25 cm.</subfield></datafield><datafield ind1=" " ind2=" " tag="504"><subfield code="a">Includes bibliographical references and index.</subfield></datafield><datafield ind1=" " ind2="0" tag="650"><subfield code="a">Tok Pisin language</subfield><subfield code="x">History.</subfield></datafield><datafield ind1=" " ind2="0" tag="650"><subfield code="a">Tok Pisin language</subfield><subfield code="x">Social aspects.</subfield></datafield><datafield ind1=" " ind2="0" tag="650"><subfield code="a">Sociolinguistics</subfield><subfield code="z">Papua New Guinea.</subfield></datafield><datafield ind1=" " ind2=" " tag="035"><subfield code="a">(TxDaGIAL)37741100011270</subfield></datafield><controlfield tag="005">20080624160146.0</controlfield><controlfield tag="001">4866</controlfield><controlfield tag="003">TxDaGIAL</controlfield><datafield ind1=" " ind2=" " tag="852"><subfield code="p">37741100011270</subfield><subfield code="a">Library</subfield><subfield code="9">$89.00</subfield><subfield code="x">COPYID:5773</subfield><subfield code="x">FSC@aRegular@c19960503</subfield><subfield code="h">427.9953 R757L 1992</subfield><subfield code="z">Dir 7-92</subfield></datafield></record>