
<record><leader>01113nam a2200253 i 4500</leader><controlfield tag="008">960427s1994    deua          000 0 eng d</controlfield><datafield ind1=" " ind2=" " tag="040"><subfield code="a">TxDaGIAL</subfield><subfield code="c">TxDaGIAL</subfield></datafield><datafield ind1="0" ind2="4" tag="082"><subfield code="a">306.449</subfield><subfield code="2">20</subfield></datafield><datafield ind1="0" ind2="0" tag="245"><subfield code="a">Language in the Andes /</subfield><subfield code="c">edited by Peter Cole, Gabriella Hermon, Mario Daniel Mart&#237;n.</subfield></datafield><datafield ind1=" " ind2=" " tag="260"><subfield code="a">Newark, Del. :</subfield><subfield code="b">University of Delaware,</subfield><subfield code="c">c1994.</subfield></datafield><datafield ind1=" " ind2=" " tag="300"><subfield code="a">xii, 400 p. :</subfield><subfield code="b">ill., maps ;</subfield><subfield code="c">23 cm.</subfield></datafield><datafield ind1=" " ind2=" " tag="500"><subfield code="a">Based on papers from a conference entitled "International Conference on Language, Language Policy and Education in the Andes" held at the University of Delaware, Oct. 28-30, 1991.</subfield></datafield><datafield ind1=" " ind2=" " tag="504"><subfield code="a">Includes bibliographical references.</subfield></datafield><datafield ind1=" " ind2="0" tag="650"><subfield code="a">Indians of South America</subfield><subfield code="z">Andes Region</subfield><subfield code="x">Languages.</subfield></datafield><datafield ind1=" " ind2="0" tag="650"><subfield code="a">Aymara language</subfield><subfield code="v">Congresses.</subfield></datafield><datafield ind1=" " ind2="0" tag="650"><subfield code="a">Quechua language</subfield><subfield code="v">Congresses.</subfield></datafield><datafield ind1="1" ind2="0" tag="700"><subfield code="a">Cole, Peter,</subfield><subfield code="d">1941-</subfield></datafield><datafield ind1="1" ind2="0" tag="700"><subfield code="a">Hermon, Gabriella.</subfield></datafield><datafield ind1="1" ind2="0" tag="700"><subfield code="a">Mart&#237;n, Mario Daniel.</subfield></datafield><datafield ind1=" " ind2=" " tag="035"><subfield code="a">(TxDaGIAL)37741100011185</subfield></datafield><controlfield tag="005">20080624160153.0</controlfield><controlfield tag="001">4890</controlfield><controlfield tag="003">TxDaGIAL</controlfield><datafield ind1=" " ind2=" " tag="852"><subfield code="p">37741100011185</subfield><subfield code="a">Library</subfield><subfield code="9">$20.00</subfield><subfield code="x">FUND:LD-Socio</subfield><subfield code="x">COPYID:5806</subfield><subfield code="x">FSC@aRegular@c19960426</subfield><subfield code="h">306.4498 K287c 1994</subfield><subfield code="z">7-95</subfield></datafield></record>