
<record><leader>01186cam a2200289 i 4500</leader><controlfield tag="008">750922s1975    txu           00000 eng  </controlfield><datafield ind1=" " ind2=" " tag="010"><subfield code="a">   75003572</subfield></datafield><datafield ind1=" " ind2=" " tag="020"><subfield code="a">0292746156</subfield></datafield><datafield ind1=" " ind2=" " tag="020"><subfield code="a">0292746164 (pbk.)</subfield></datafield><datafield ind1=" " ind2=" " tag="040"><subfield code="a">DLC</subfield><subfield code="c">DLC</subfield><subfield code="d">TxDaGIAL</subfield><subfield code="d">TxDaGIAL</subfield></datafield><datafield ind1="0" ind2=" " tag="050"><subfield code="a">PL1087</subfield><subfield code="b">.L3</subfield></datafield><datafield ind1=" " ind2=" " tag="082"><subfield code="a">495.1</subfield></datafield><datafield ind1="0" ind2="0" tag="245"><subfield code="a">Language &amp; linguistics in the People's Republic of China /</subfield><subfield code="c">contributors, Chin-chuan Cheng ... [et al.] ; edited by Winfred P. Lehmann.</subfield></datafield><datafield ind1="3" ind2=" " tag="246"><subfield code="a">Language and linguistics in the People's Republic of China</subfield></datafield><datafield ind1="0" ind2=" " tag="260"><subfield code="a">Austin :</subfield><subfield code="b">University of Texas Press,</subfield><subfield code="c">c1975.</subfield></datafield><datafield ind1=" " ind2=" " tag="300"><subfield code="a">ix, 168 p. ;</subfield><subfield code="c">24 cm.</subfield></datafield><datafield ind1=" " ind2=" " tag="500"><subfield code="a">"An account based on the visit of the [American] Linguistics Delegation, October 16 to November 13, 1974."</subfield></datafield><datafield ind1=" " ind2="0" tag="650"><subfield code="a">Chinese language.</subfield></datafield><datafield ind1="1" ind2="0" tag="700"><subfield code="a">Cheng, Jinchuan.</subfield></datafield><datafield ind1="1" ind2="0" tag="700"><subfield code="a">Lehmann, Winfred Philipp,</subfield><subfield code="d">1916-</subfield></datafield><datafield ind1="2" ind2="0" tag="710"><subfield code="a">American Linguistics Delegation.</subfield></datafield><datafield ind1=" " ind2=" " tag="035"><subfield code="a">(TxDaGIAL)37741100022393</subfield></datafield><controlfield tag="005">20080624160200.0</controlfield><controlfield tag="001">4911</controlfield><controlfield tag="003">TxDaGIAL</controlfield><datafield ind1=" " ind2=" " tag="852"><subfield code="p">37741100022393</subfield><subfield code="a">Library</subfield><subfield code="x">COPYID:5828</subfield><subfield code="x">FSC@aRegular@c19980825</subfield><subfield code="h">495.1 L523L 1975</subfield><subfield code="z">2210</subfield></datafield><datafield ind1=" " ind2=" " tag="852"><subfield code="p">37741100008746</subfield><subfield code="a">Library</subfield><subfield code="x">COPYID:5829</subfield><subfield code="x">FSC@aRegular@c19980825</subfield><subfield code="h">495.1 L523L 1975</subfield><subfield code="z">1379</subfield></datafield></record>