
<record><leader>01426nam a2200265 i 4500</leader><controlfield tag="008">970211m19301932pau           000 0 eng d</controlfield><datafield ind1=" " ind2=" " tag="040"><subfield code="a">TxDaGIAL</subfield><subfield code="c">TxDaGIAL</subfield></datafield><datafield ind1="0" ind2="0" tag="245"><subfield code="a">Language monographs, numbers 7-11.</subfield></datafield><datafield ind1=" " ind2=" " tag="260"><subfield code="a">Baltimore, Md. :</subfield><subfield code="b">Waverly Press ;</subfield><subfield code="a">Philadelphia :</subfield><subfield code="b">Linguistic Society of America,</subfield><subfield code="c">1930-1932.</subfield></datafield><datafield ind1=" " ind2=" " tag="300"><subfield code="a">5 v. bound in 1 ;</subfield><subfield code="c">25 cm.</subfield></datafield><datafield ind1=" " ind2="0" tag="440"><subfield code="a">Language monographs ;</subfield><subfield code="v">no. 7-11</subfield></datafield><datafield ind1=" " ind2=" " tag="500"><subfield code="a">Supplements to LANGUAGE, Journal of the Linguistic Society of America.</subfield></datafield><datafield ind1=" " ind2=" " tag="504"><subfield code="a">Includes bibliographical references.</subfield></datafield><datafield ind1="0" ind2=" " tag="505"><subfield code="a">no. 7. Curme volume of linguistic studies -- no. 8. Verbs of motion in their semantic divergence / Klara H. Collitz -- no. 9. Hittite glossary / Sturtevant, Edgar Howard -- no. 10. The expression of the ending-point relation in English, French, and German / Edward Sapir and Morris Swadesh -- no. 11.The relation between linguistic structure and associative interference in artificial linguistic material / Dael Lee Wolfle.</subfield></datafield><datafield ind1=" " ind2="0" tag="650"><subfield code="a">Hittite language.</subfield></datafield><datafield ind1="1" ind2="0" tag="700"><subfield code="a">Collitz, Klara H.</subfield></datafield><datafield ind1="1" ind2="0" tag="700"><subfield code="a">Sturtevant, Edgar H.</subfield><subfield code="q">(Edgar Howard),</subfield><subfield code="d">1875-1952.</subfield></datafield><datafield ind1="1" ind2="0" tag="700"><subfield code="a">Sapir, Edward,</subfield><subfield code="d">1884-1939.</subfield></datafield><datafield ind1="1" ind2="0" tag="700"><subfield code="a">Swadesh, Morris,</subfield><subfield code="d">1909-1967.</subfield></datafield><datafield ind1="1" ind2="0" tag="700"><subfield code="a">Wolfle, Dael Lee,</subfield><subfield code="d">1906-</subfield></datafield><datafield ind1=" " ind2=" " tag="035"><subfield code="a">(TxDaGIAL)37741100015092</subfield></datafield><controlfield tag="005">20080624160202.0</controlfield><controlfield tag="001">4921</controlfield><controlfield tag="003">TxDaGIAL</controlfield><datafield ind1=" " ind2=" " tag="852"><subfield code="p">37741100015092</subfield><subfield code="a">Library</subfield><subfield code="x">COPYID:5840</subfield><subfield code="x">FSC@aRegular@c19970213</subfield><subfield code="h">404 L269m no.7-11 1930-32</subfield><subfield code="z">1425</subfield></datafield></record>