
<record><leader>01169nam a2200253 i 4500</leader><controlfield tag="008">970211m19371944mdu           000 0 eng d</controlfield><datafield ind1=" " ind2=" " tag="040"><subfield code="a">TxDaGIAL</subfield><subfield code="c">TxDaGIAL</subfield></datafield><datafield ind1="0" ind2="0" tag="245"><subfield code="a">Language monographs, numbers 17-21.</subfield></datafield><datafield ind1=" " ind2=" " tag="260"><subfield code="a">Baltimore :</subfield><subfield code="b">Waverly Press,</subfield><subfield code="c">1937-1944.</subfield></datafield><datafield ind1=" " ind2=" " tag="300"><subfield code="c">25 cm.</subfield></datafield><datafield ind1=" " ind2="0" tag="440"><subfield code="a">Language monographs ;</subfield><subfield code="v">no. 17-21</subfield></datafield><datafield ind1=" " ind2=" " tag="500"><subfield code="a">Supplements to LANGUAGE, Journal of the Linguistic Society of America.</subfield></datafield><datafield ind1=" " ind2=" " tag="504"><subfield code="a">Includes bibliographical references.</subfield></datafield><datafield ind1="0" ind2=" " tag="505"><subfield code="a">no. 17. Indication / Collinson, William Edward -- no. 18. An analytical grammar of the Hungarian language / Robert A. Hall -- no. 19. Middle English u and related sounds / Harold Whitehall -- no. 20. De la toponymie Bretonne / William B.S. Smith -- no. 21. Hungarian grammar / Robert A. Hall.</subfield></datafield><datafield ind1=" " ind2="0" tag="650"><subfield code="a">Hungarian language.</subfield></datafield><datafield ind1="1" ind2="0" tag="700"><subfield code="a">Collinson, William Edward,</subfield><subfield code="d">b. 1889.</subfield></datafield><datafield ind1="1" ind2="0" tag="700"><subfield code="a">Hall, Robert Anderson,</subfield><subfield code="d">1911-</subfield></datafield><datafield ind1="1" ind2="0" tag="700"><subfield code="a">Whitehall, Harold.</subfield></datafield><datafield ind1="1" ind2="0" tag="700"><subfield code="a">Smith, William B. S.</subfield></datafield><datafield ind1=" " ind2=" " tag="035"><subfield code="a">(TxDaGIAL)37741100015094</subfield></datafield><controlfield tag="005">20080624160203.0</controlfield><controlfield tag="001">4923</controlfield><controlfield tag="003">TxDaGIAL</controlfield><datafield ind1=" " ind2=" " tag="852"><subfield code="p">37741100015094</subfield><subfield code="a">Library</subfield><subfield code="x">COPYID:5842</subfield><subfield code="x">FSC@aRegular@c19970213</subfield><subfield code="h">404 L269m no.17-21 1937-44</subfield><subfield code="z">1427</subfield></datafield></record>