
<record><leader>00952nam a2200217Ia 4500</leader><controlfield tag="008">770928s1964    dcu      b   f000 0 eng d</controlfield><datafield ind1=" " ind2=" " tag="040"><subfield code="a">EXA</subfield><subfield code="c">EXA</subfield><subfield code="d">m.c.</subfield><subfield code="d">AZU</subfield></datafield><datafield ind1="1" ind2=" " tag="100"><subfield code="a">Davis, Irvine.</subfield></datafield><datafield ind1="1" ind2="4" tag="245"><subfield code="a">The language of Santa Ana Pueblo /</subfield><subfield code="c">by Irvine Davis.</subfield></datafield><datafield ind1=" " ind2=" " tag="260"><subfield code="a">[Washington :</subfield><subfield code="b">U.S. G.P.O.,</subfield><subfield code="c">1964].</subfield></datafield><datafield ind1=" " ind2=" " tag="300"><subfield code="a">p. 53-190 ;</subfield><subfield code="c">24 cm.</subfield></datafield><datafield ind1=" " ind2=" " tag="504"><subfield code="a">Bibliography: p. 190.</subfield></datafield><datafield ind1=" " ind2=" " tag="500"><subfield code="a">In U.S. Bureau of American Ethnology.  Anthropological papers, nos. 68-74. (U.S. Bureau of American Ethnology. Bulletin, 191).</subfield></datafield><datafield ind1=" " ind2="0" tag="650"><subfield code="a">Keres language</subfield><subfield code="x">Dialects</subfield><subfield code="z">New Mexico</subfield><subfield code="z">Santa Ana Pueblo.</subfield></datafield><datafield ind1=" " ind2="0" tag="650"><subfield code="a">Indians of North America</subfield><subfield code="z">New Mexico</subfield><subfield code="z">Santa Ana Pueblo.</subfield></datafield><datafield ind1=" " ind2=" " tag="035"><subfield code="a">(TxDaGIAL)37741100018255</subfield></datafield><controlfield tag="005">20080624160205.0</controlfield><controlfield tag="001">4931</controlfield><controlfield tag="003">TxDaGIAL</controlfield><datafield ind1=" " ind2=" " tag="852"><subfield code="p">37741100018255</subfield><subfield code="a">Library</subfield><subfield code="x">COPYID:5850</subfield><subfield code="x">FSC@aRegular@c19970605</subfield><subfield code="h">306.05 S664b 191y 1964</subfield><subfield code="z">12646</subfield></datafield><datafield ind1=" " ind2=" " tag="852"><subfield code="p">37741100018256</subfield><subfield code="a">Library</subfield><subfield code="x">COPYID:5851</subfield><subfield code="x">FSC@aRegular@c19970605</subfield><subfield code="h">306.05 S664b 191y 1964</subfield><subfield code="z">12647</subfield></datafield></record>