
<record><leader>01107cam a2200313 a 4500</leader><controlfield tag="008">900518s1991    txua     b   s00110 eng  </controlfield><datafield ind1=" " ind2=" " tag="010"><subfield code="a">   90012634 //r91</subfield></datafield><datafield ind1=" " ind2=" " tag="020"><subfield code="a">0292746636 (cloth)</subfield></datafield><datafield ind1=" " ind2=" " tag="040"><subfield code="a">DLC</subfield><subfield code="c">DLC</subfield><subfield code="d">DLC</subfield></datafield><datafield ind1=" " ind2=" " tag="043"><subfield code="a">s-pe---</subfield></datafield><datafield ind1="0" ind2="0" tag="050"><subfield code="a">PM6302</subfield><subfield code="b">.M36 1991</subfield></datafield><datafield ind1="0" ind2="0" tag="082"><subfield code="a">498/.323/0985</subfield><subfield code="2">20</subfield></datafield><datafield ind1="1" ind2="0" tag="100"><subfield code="a">Mannheim, Bruce.</subfield></datafield><datafield ind1="1" ind2="4" tag="245"><subfield code="a">The language of the Inka since the European invasion /</subfield><subfield code="c">by Bruce Mannheim.</subfield></datafield><datafield ind1=" " ind2=" " tag="250"><subfield code="a">1st ed.</subfield></datafield><datafield ind1="0" ind2=" " tag="260"><subfield code="a">Austin :</subfield><subfield code="b">University of Texas Press,</subfield><subfield code="c">1991.</subfield></datafield><datafield ind1=" " ind2=" " tag="300"><subfield code="a">xv, 326 p. :</subfield><subfield code="b">ill., maps ;</subfield><subfield code="c">24 cm.</subfield></datafield><datafield ind1=" " ind2="0" tag="440"><subfield code="a">Texas linguistics series</subfield></datafield><datafield ind1=" " ind2=" " tag="504"><subfield code="a">Includes bibliographical references (p. [269]-305) and index.</subfield></datafield><datafield ind1=" " ind2="0" tag="650"><subfield code="a">Quechua language</subfield><subfield code="z">Peru</subfield><subfield code="x">History.</subfield></datafield><datafield ind1=" " ind2="0" tag="650"><subfield code="a">Incas</subfield><subfield code="x">History.</subfield></datafield><datafield ind1=" " ind2="0" tag="651"><subfield code="a">Peru</subfield><subfield code="x">History</subfield><subfield code="y">Conquest, 1522-1548.</subfield></datafield><datafield ind1=" " ind2="0" tag="651"><subfield code="a">Peru</subfield><subfield code="x">Languages.</subfield></datafield><datafield ind1="0" ind2="1" tag="740"><subfield code="a">Language of the Inca since the European invasion.</subfield></datafield><datafield ind1=" " ind2=" " tag="035"><subfield code="a">(TxDaGIAL)37741100010890</subfield></datafield><controlfield tag="005">20080624160206.0</controlfield><controlfield tag="001">4933</controlfield><controlfield tag="003">TxDaGIAL</controlfield><datafield ind1=" " ind2=" " tag="852"><subfield code="p">37741100010890</subfield><subfield code="a">Library</subfield><subfield code="9">$25.00</subfield><subfield code="x">COPYID:5853</subfield><subfield code="x">FSC@aRegular@c19960410</subfield><subfield code="h">498.3230985 M282L 1991</subfield><subfield code="z">B/T 6-93</subfield></datafield></record>