
<record><leader>00790nam a2200229 i 4500</leader><controlfield tag="008">790711s1979    nyu           00000 eng  </controlfield><datafield ind1=" " ind2=" " tag="010"><subfield code="a">   76004302</subfield></datafield><datafield ind1=" " ind2=" " tag="020"><subfield code="a">0873320816</subfield></datafield><datafield ind1=" " ind2=" " tag="040"><subfield code="a">DLC</subfield><subfield code="c">DLC</subfield><subfield code="d">TxDaGIAL</subfield></datafield><datafield ind1="0" ind2=" " tag="050"><subfield code="a">PL1175</subfield><subfield code="b">.L36</subfield></datafield><datafield ind1=" " ind2=" " tag="082"><subfield code="a">495.1/1</subfield></datafield><datafield ind1="0" ind2="0" tag="245"><subfield code="a">Language reform in China :</subfield><subfield code="b">documents and commentary /</subfield><subfield code="c">edited with an introd. by Peter J. Seybolt and Gregory Kuei-Ke Chiang.</subfield></datafield><datafield ind1="0" ind2=" " tag="260"><subfield code="a">White Plains, N.Y. :</subfield><subfield code="b">M. E. Sharpe,</subfield><subfield code="c">1979.</subfield></datafield><datafield ind1=" " ind2=" " tag="300"><subfield code="a">xiii, 410 p. ;</subfield><subfield code="c">24 cm.</subfield></datafield><datafield ind1=" " ind2="0" tag="650"><subfield code="a">Chinese language</subfield><subfield code="x">Reform.</subfield></datafield><datafield ind1="1" ind2="0" tag="700"><subfield code="a">Seybolt, Peter J.</subfield></datafield><datafield ind1="1" ind2="0" tag="700"><subfield code="a">Chiang, Gregory Kuei-Ke.</subfield></datafield><datafield ind1=" " ind2=" " tag="035"><subfield code="a">(TxDaGIAL)37741100008766</subfield></datafield><controlfield tag="005">20080624160214.0</controlfield><controlfield tag="001">4958</controlfield><controlfield tag="003">TxDaGIAL</controlfield><datafield ind1=" " ind2=" " tag="852"><subfield code="p">37741100008766</subfield><subfield code="a">Library</subfield><subfield code="x">COPYID:5887</subfield><subfield code="x">FSC@aRegular@c19951016</subfield><subfield code="h">495.11 L287s 1979</subfield><subfield code="z">6175</subfield></datafield></record>