
<record><leader>01226cam a2200313 a 4500</leader><controlfield tag="008">900806s1991    ilua     b    00110 eng  </controlfield><datafield ind1=" " ind2=" " tag="010"><subfield code="a">   90045468 //r94</subfield></datafield><datafield ind1=" " ind2=" " tag="020"><subfield code="a">0252061608 (alk. paper)</subfield></datafield><datafield ind1=" " ind2=" " tag="040"><subfield code="a">DLC</subfield><subfield code="c">DLC</subfield><subfield code="d">DLC</subfield></datafield><datafield ind1=" " ind2=" " tag="043"><subfield code="a">s-sr---</subfield></datafield><datafield ind1="0" ind2="0" tag="050"><subfield code="a">PL5169</subfield><subfield code="b">.W65 1991</subfield></datafield><datafield ind1="0" ind2="0" tag="082"><subfield code="a">306.4/4/095982</subfield><subfield code="2">20</subfield></datafield><datafield ind1="1" ind2="0" tag="100"><subfield code="a">Wolfowitz, Clare.</subfield></datafield><datafield ind1="1" ind2="0" tag="245"><subfield code="a">Language style and social space :</subfield><subfield code="b">stylistic choice in Suriname Javanese /</subfield><subfield code="c">Clare Wolfowitz.</subfield></datafield><datafield ind1="0" ind2=" " tag="260"><subfield code="a">Urbana :</subfield><subfield code="b">University of Illinois Press,</subfield><subfield code="c">c1991.</subfield></datafield><datafield ind1=" " ind2=" " tag="300"><subfield code="a">viii, 265 p. :</subfield><subfield code="b">ill. ;</subfield><subfield code="c">23 cm.</subfield></datafield><datafield ind1=" " ind2="0" tag="440"><subfield code="a">Illinois studies in anthropology ;</subfield><subfield code="v">18</subfield></datafield><datafield ind1=" " ind2=" " tag="504"><subfield code="a">Includes bibliographical references (p. [254]-259) and index.</subfield></datafield><datafield ind1=" " ind2="0" tag="650"><subfield code="a">Javanese language</subfield><subfield code="x">Social aspects</subfield><subfield code="z">Suriname.</subfield></datafield><datafield ind1=" " ind2="0" tag="650"><subfield code="a">Javanese language</subfield><subfield code="z">Suriname</subfield><subfield code="x">Style.</subfield></datafield><datafield ind1=" " ind2="0" tag="650"><subfield code="a">Javanese language</subfield><subfield code="x">Variation</subfield><subfield code="z">Suriname.</subfield></datafield><datafield ind1=" " ind2="0" tag="650"><subfield code="a">Speech and social status</subfield><subfield code="z">Suriname.</subfield></datafield><datafield ind1=" " ind2="0" tag="650"><subfield code="a">Javanese (Indonesian people)</subfield><subfield code="z">Suriname</subfield><subfield code="x">Social life and customs.</subfield></datafield><datafield ind1=" " ind2="0" tag="650"><subfield code="a">Sociolinguistics.</subfield></datafield><datafield ind1=" " ind2=" " tag="035"><subfield code="a">(TxDaGIAL)37741100002895</subfield></datafield><controlfield tag="005">20080624160218.0</controlfield><controlfield tag="001">4976</controlfield><controlfield tag="003">TxDaGIAL</controlfield><datafield ind1=" " ind2=" " tag="852"><subfield code="p">37741100002895</subfield><subfield code="a">Library</subfield><subfield code="9">$27.50</subfield><subfield code="x">COPYID:5908</subfield><subfield code="x">FSC@aRegular@c19950328</subfield><subfield code="h">306.4495982 W859L 1991</subfield><subfield code="z">B/T 4-92</subfield></datafield></record>