
<record><leader>00902pam a2200265 a 4500</leader><controlfield tag="008">860430s1987    njua     b    00110 eng  </controlfield><datafield ind1=" " ind2=" " tag="010"><subfield code="a">   86012212</subfield></datafield><datafield ind1=" " ind2=" " tag="020"><subfield code="a">0691066949 (alk. paper) :</subfield><subfield code="c">$45.00</subfield></datafield><datafield ind1=" " ind2=" " tag="040"><subfield code="a">DLC</subfield><subfield code="c">DLC</subfield><subfield code="d">TxDaGIAL</subfield></datafield><datafield ind1=" " ind2=" " tag="043"><subfield code="a">a-cc---</subfield></datafield><datafield ind1="0" ind2=" " tag="050"><subfield code="a">PL1071</subfield><subfield code="b">.R34 1987</subfield></datafield><datafield ind1="0" ind2=" " tag="082"><subfield code="a">409/.51</subfield><subfield code="2">19</subfield></datafield><datafield ind1="1" ind2="0" tag="100"><subfield code="a">Ramsey, S. Robert,</subfield><subfield code="d">1941-</subfield></datafield><datafield ind1="1" ind2="4" tag="245"><subfield code="a">The languages of China /</subfield><subfield code="c">S. Robert Ramsey.</subfield></datafield><datafield ind1="0" ind2=" " tag="260"><subfield code="a">Princeton, N.J. :</subfield><subfield code="b">Princeton University Press,</subfield><subfield code="c">c1987.</subfield></datafield><datafield ind1=" " ind2=" " tag="300"><subfield code="a">xi, 340 p., [7] leaves of plates :</subfield><subfield code="b">ill., maps (some col.) ;</subfield><subfield code="c">25 cm.</subfield></datafield><datafield ind1=" " ind2=" " tag="504"><subfield code="a">Bibliography: p. [315]-332.</subfield></datafield><datafield ind1=" " ind2=" " tag="500"><subfield code="a">Includes index.</subfield></datafield><datafield ind1=" " ind2="0" tag="650"><subfield code="a">Chinese language.</subfield></datafield><datafield ind1=" " ind2="0" tag="651"><subfield code="a">China</subfield><subfield code="x">Languages.</subfield></datafield><datafield ind1=" " ind2=" " tag="035"><subfield code="a">(TxDaGIAL)37741100011885</subfield></datafield><controlfield tag="005">20080624160227.0</controlfield><controlfield tag="001">5011</controlfield><controlfield tag="003">TxDaGIAL</controlfield><datafield ind1=" " ind2=" " tag="852"><subfield code="p">37741100011885</subfield><subfield code="a">Library</subfield><subfield code="9">$16.95</subfield><subfield code="x">COPYID:5946</subfield><subfield code="x">FSC@aRegular@c19960613</subfield><subfield code="h">409.51 R183L 1987</subfield><subfield code="z">B/T 7-90</subfield></datafield></record>