
<record><leader>01045cam a2200301 i 4500</leader><controlfield tag="008">780223s1978    ilu      b    00110 eng  </controlfield><datafield ind1=" " ind2=" " tag="010"><subfield code="a">   78003391 //r82</subfield></datafield><datafield ind1=" " ind2=" " tag="020"><subfield code="a">0226143686</subfield></datafield><datafield ind1=" " ind2=" " tag="040"><subfield code="a">DLC</subfield><subfield code="c">DLC</subfield><subfield code="d">TxDaGIAL</subfield></datafield><datafield ind1="1" ind2=" " tag="041"><subfield code="a">engita</subfield></datafield><datafield ind1="0" ind2=" " tag="050"><subfield code="a">PC1075</subfield><subfield code="b">.D3913</subfield></datafield><datafield ind1=" " ind2=" " tag="082"><subfield code="a">450</subfield></datafield><datafield ind1="1" ind2="0" tag="100"><subfield code="a">Devoto, Giacomo.</subfield></datafield><datafield ind1="1" ind2="0" tag="240"><subfield code="a">Linguaggio d'Italia.</subfield><subfield code="l">English.</subfield></datafield><datafield ind1="1" ind2="4" tag="245"><subfield code="a">The languages of Italy /</subfield><subfield code="c">Giacomo Devoto ; translated by V. Louise Katainen.</subfield></datafield><datafield ind1="0" ind2=" " tag="260"><subfield code="a">Chicago :</subfield><subfield code="b">University of Chicago Press,</subfield><subfield code="c">1978.</subfield></datafield><datafield ind1=" " ind2=" " tag="300"><subfield code="a">xvi, 357 p. :</subfield><subfield code="b">maps ;</subfield><subfield code="c">24 cm.</subfield></datafield><datafield ind1="0" ind2=" " tag="490"><subfield code="a">The History and structure of languages</subfield></datafield><datafield ind1=" " ind2=" " tag="500"><subfield code="a">Translation of Il linguaggio d'Italia.</subfield></datafield><datafield ind1=" " ind2=" " tag="504"><subfield code="a">Includes bibliographical references and index.</subfield></datafield><datafield ind1=" " ind2="0" tag="650"><subfield code="a">Italian language</subfield><subfield code="x">History.</subfield></datafield><datafield ind1=" " ind2="0" tag="650"><subfield code="a">Latin language</subfield><subfield code="x">History.</subfield></datafield><datafield ind1=" " ind2="0" tag="650"><subfield code="a">Italic languages and dialects.</subfield></datafield><datafield ind1=" " ind2=" " tag="035"><subfield code="a">(TxDaGIAL)37741100007014</subfield></datafield><controlfield tag="005">20080624160228.0</controlfield><controlfield tag="001">5015</controlfield><controlfield tag="003">TxDaGIAL</controlfield><datafield ind1=" " ind2=" " tag="852"><subfield code="p">37741100007014</subfield><subfield code="a">Library</subfield><subfield code="x">COPYID:5951</subfield><subfield code="x">FSC@aRegular@c19950818</subfield><subfield code="h">450 D513L.E 1978</subfield><subfield code="z">12100</subfield></datafield></record>