
<record><leader>01213nam a2200289Ia 4500</leader><controlfield tag="008">960624s1992    pk       b    000 0 eng d</controlfield><datafield ind1=" " ind2=" " tag="035"><subfield code="a">(CU-UC)dlaisn10509469</subfield></datafield><datafield ind1=" " ind2=" " tag="040"><subfield code="a">WTU</subfield><subfield code="c">WTU</subfield><subfield code="d">CUY</subfield></datafield><datafield ind1="0" ind2=" " tag="041"><subfield code="a">enginc</subfield></datafield><datafield ind1="1" ind2=" " tag="100"><subfield code="a">Rensch, Calvin R.</subfield><subfield code="q">(Calvin Ross)</subfield></datafield><datafield ind1="1" ind2="0" tag="245"><subfield code="a">Languages of Kohistan /</subfield><subfield code="c">Calvin R. Rensch, Sandra J. Decker, Daniel G. Hallberg.</subfield></datafield><datafield ind1=" " ind2=" " tag="260"><subfield code="a">Islamabad, Pakistan :</subfield><subfield code="b">National Institute of Pakistan Studies Quaid-i-Azam University,</subfield><subfield code="c">1992.</subfield></datafield><datafield ind1=" " ind2=" " tag="300"><subfield code="a">263 p. :</subfield><subfield code="b">maps ;</subfield><subfield code="c">22 cm.</subfield></datafield><datafield ind1="1" ind2=" " tag="490"><subfield code="a">Sociolinguistic survey of Northern Pakistan ;</subfield><subfield code="v">v. 1</subfield></datafield><datafield ind1=" " ind2=" " tag="500"><subfield code="a">Maiyan language in appendices: Swat Kohistan survey data, Ushojo survey data, and Indus Kohistan survey data.</subfield></datafield><datafield ind1=" " ind2=" " tag="504"><subfield code="a">Includes bibliographical references.</subfield></datafield><datafield ind1=" " ind2=" " tag="546"><subfield code="a">English.</subfield></datafield><datafield ind1=" " ind2="0" tag="650"><subfield code="a">Maiya language.</subfield></datafield><datafield ind1=" " ind2="0" tag="651"><subfield code="a">Sw&#257;t Kohistan (Pakistan)</subfield><subfield code="x">Languages.</subfield></datafield><datafield ind1="1" ind2=" " tag="700"><subfield code="a">Decker, Sandra J.</subfield></datafield><datafield ind1="1" ind2=" " tag="700"><subfield code="a">Hallberg, Daniel G.</subfield></datafield><datafield ind1=" " ind2="0" tag="830"><subfield code="a">Sociolinguistic survey of Northern Pakistan ;</subfield><subfield code="v">v. 1.</subfield></datafield><datafield ind1=" " ind2=" " tag="035"><subfield code="a">(TxDaGIAL)37741100014540</subfield></datafield><controlfield tag="005">20080624160228.0</controlfield><controlfield tag="001">5017</controlfield><controlfield tag="003">TxDaGIAL</controlfield><datafield ind1=" " ind2=" " tag="852"><subfield code="p">37741100014540</subfield><subfield code="a">Library</subfield><subfield code="9">$11.00</subfield><subfield code="x">COPYID:5953</subfield><subfield code="x">FSC@aRegular@c19970121</subfield><subfield code="h">409.5491 S678 vol.1 1992</subfield><subfield code="z">Intl Academic Bookstore 1-93</subfield></datafield></record>