
<record><leader>01038cam a2200289 i 4500</leader><controlfield tag="008">770203s1977    mdu      b    00010 eng  </controlfield><datafield ind1=" " ind2=" " tag="010"><subfield code="a">   76047382 //r85</subfield></datafield><datafield ind1=" " ind2=" " tag="020"><subfield code="a">0801817293</subfield></datafield><datafield ind1=" " ind2=" " tag="040"><subfield code="a">DLC</subfield><subfield code="c">DLC</subfield><subfield code="d">DLC</subfield></datafield><datafield ind1=" " ind2=" " tag="043"><subfield code="a">nw-----</subfield></datafield><datafield ind1="0" ind2="0" tag="050"><subfield code="a">PM6239</subfield><subfield code="b">.T3</subfield></datafield><datafield ind1="0" ind2="0" tag="082"><subfield code="a">409/.729</subfield></datafield><datafield ind1="1" ind2="0" tag="100"><subfield code="a">Taylor, Douglas MacRae.</subfield></datafield><datafield ind1="1" ind2="0" tag="245"><subfield code="a">Languages of the West Indies /</subfield><subfield code="c">Douglas Taylor.</subfield></datafield><datafield ind1="0" ind2=" " tag="260"><subfield code="a">Baltimore :</subfield><subfield code="b">Johns Hopkins University Press,</subfield><subfield code="c">c1977.</subfield></datafield><datafield ind1=" " ind2=" " tag="300"><subfield code="a">xix, 278 p. ;</subfield><subfield code="c">24 cm.</subfield></datafield><datafield ind1=" " ind2="0" tag="440"><subfield code="a">Johns Hopkins studies in Atlantic history and culture</subfield></datafield><datafield ind1=" " ind2=" " tag="504"><subfield code="a">Includes bibliographical references.</subfield></datafield><datafield ind1=" " ind2="0" tag="650"><subfield code="a">Indians of the West Indies</subfield><subfield code="x">Languages.</subfield></datafield><datafield ind1=" " ind2="0" tag="650"><subfield code="a">Island Carib language.</subfield></datafield><datafield ind1=" " ind2="0" tag="650"><subfield code="a">Creole dialects</subfield><subfield code="z">Caribbean Area.</subfield></datafield><datafield ind1=" " ind2=" " tag="035"><subfield code="a">(TxDaGIAL)37741100004744</subfield></datafield><controlfield tag="005">20080624160230.0</controlfield><controlfield tag="001">5024</controlfield><controlfield tag="003">TxDaGIAL</controlfield><datafield ind1=" " ind2=" " tag="852"><subfield code="p">37741100004744</subfield><subfield code="a">Library</subfield><subfield code="x">COPYID:5963</subfield><subfield code="x">FSC@aRegular@c19950606</subfield><subfield code="h">409.729 T239L 1977</subfield><subfield code="z">5389</subfield></datafield><datafield ind1=" " ind2=" " tag="852"><subfield code="p">37741100004745</subfield><subfield code="a">Library</subfield><subfield code="x">COPYID:5964</subfield><subfield code="x">FSC@aRegular@c19950606</subfield><subfield code="h">409.729 T239L 1977</subfield><subfield code="z">9294</subfield></datafield></record>