
<record><leader>00976pam a2200253 a 4500</leader><controlfield tag="008">940307s1993    nyu      b    001 0 eng  </controlfield><datafield ind1=" " ind2=" " tag="010"><subfield code="a">   93038632</subfield></datafield><datafield ind1=" " ind2=" " tag="020"><subfield code="a">1560245204 (text) :</subfield><subfield code="c">$39.95</subfield></datafield><datafield ind1=" " ind2=" " tag="040"><subfield code="a">DLC</subfield><subfield code="c">DLC</subfield><subfield code="d">DLC</subfield></datafield><datafield ind1="0" ind2="0" tag="050"><subfield code="a">Z695.1.F66</subfield><subfield code="b">L36 1993</subfield></datafield><datafield ind1="0" ind2="0" tag="082"><subfield code="a">025.3/2</subfield><subfield code="2">20</subfield></datafield><datafield ind1="0" ind2="0" tag="245"><subfield code="a">Languages of the world :</subfield><subfield code="b">cataloging issues and problems /</subfield><subfield code="c">Martin D. Joachim, editor.</subfield></datafield><datafield ind1=" " ind2=" " tag="260"><subfield code="a">New York :</subfield><subfield code="b">Haworth Press,</subfield><subfield code="c">c1993.</subfield></datafield><datafield ind1=" " ind2=" " tag="300"><subfield code="a">292 p. ;</subfield><subfield code="c">23 cm.</subfield></datafield><datafield ind1=" " ind2=" " tag="500"><subfield code="a">Published also as v. 17, no. 1/2, 1993 of the Cataloging &amp; classification quarterly.</subfield></datafield><datafield ind1=" " ind2=" " tag="504"><subfield code="a">Includes bibliographical references and index.</subfield></datafield><datafield ind1=" " ind2="0" tag="650"><subfield code="a">Cataloging of foreign language publications.</subfield></datafield><datafield ind1="1" ind2="0" tag="700"><subfield code="a">Joachim, Martin D.,</subfield><subfield code="d">1938-</subfield></datafield><datafield ind1="0" ind2="1" tag="730"><subfield code="a">Cataloging &amp; classification quarterly.</subfield></datafield><datafield ind1=" " ind2=" " tag="035"><subfield code="a">(TxDaGIAL)37741100007323</subfield></datafield><controlfield tag="005">20080624160231.0</controlfield><controlfield tag="001">5026</controlfield><controlfield tag="003">TxDaGIAL</controlfield><datafield ind1=" " ind2=" " tag="852"><subfield code="p">37741100007323</subfield><subfield code="a">Library</subfield><subfield code="9">$34.76</subfield><subfield code="x">COPYID:5966</subfield><subfield code="x">FSC@aRegular@c19950828</subfield><subfield code="h">025.3 L287j 1993</subfield><subfield code="z">BT 8-95</subfield></datafield></record>