
<record><leader>00713ntm a2200193 a 4500</leader><controlfield tag="008">971007s1969    xxu           000 0 eng d</controlfield><datafield ind1=" " ind2=" " tag="040"><subfield code="a">TxDaGIAL</subfield><subfield code="c">TxDaGIAL</subfield></datafield><datafield ind1=" " ind2=" " tag="094"><subfield code="a">pcc00</subfield><subfield code="2">ROPAL</subfield></datafield><datafield ind1="1" ind2=" " tag="100"><subfield code="a">Dell, Fran&#231;ois,</subfield><subfield code="d">1943-</subfield></datafield><datafield ind1="1" ind2="0" tag="245"><subfield code="a">Langues en contact et changements phonetiques: notes sur l'historie des finales en Bu-yi (Dioi)</subfield><subfield code="h">[manuscript] /</subfield><subfield code="c">Fran&#231;ois Dell.</subfield></datafield><datafield ind1=" " ind2=" " tag="260"><subfield code="c">1969.</subfield></datafield><datafield ind1=" " ind2=" " tag="300"><subfield code="a">62 leaves :</subfield><subfield code="b">maps, ill. ;</subfield><subfield code="c">29 cm.</subfield></datafield><datafield ind1=" " ind2=" " tag="504"><subfield code="a">Includes bibliographical references (leaves 58-62).</subfield></datafield><datafield ind1=" " ind2="0" tag="650"><subfield code="a">Bouyei language.</subfield></datafield><datafield ind1=" " ind2=" " tag="035"><subfield code="a">(TxDaGIAL)37741100020921</subfield></datafield><controlfield tag="005">20080624160232.0</controlfield><controlfield tag="001">5033</controlfield><controlfield tag="003">TxDaGIAL</controlfield><datafield ind1=" " ind2=" " tag="852"><subfield code="p">37741100020921</subfield><subfield code="a">Library</subfield><subfield code="x">COPYID:5974</subfield><subfield code="x">FSC@aRegular@c19971008</subfield><subfield code="h">495.919 D357L 1969</subfield><subfield code="z">11715</subfield></datafield></record>