
<record><leader>01361cam a2200313 a 4500</leader><controlfield tag="008">830711s1983    ne a     b    10110 eng  </controlfield><datafield ind1=" " ind2=" " tag="010"><subfield code="a">   83171140 //r923</subfield></datafield><datafield ind1=" " ind2=" " tag="020"><subfield code="a">9027230110 :</subfield><subfield code="c">fl 82.00</subfield></datafield><datafield ind1=" " ind2=" " tag="040"><subfield code="a">DLC</subfield><subfield code="c">DLC</subfield><subfield code="d">DLC</subfield><subfield code="d">TxDaGIAL</subfield></datafield><datafield ind1="0" ind2=" " tag="041"><subfield code="a">engfreger</subfield></datafield><datafield ind1="0" ind2="0" tag="050"><subfield code="a">PA2080</subfield><subfield code="b">.I5 1981</subfield></datafield><datafield ind1="0" ind2="0" tag="082"><subfield code="a">475</subfield><subfield code="2">19</subfield></datafield><datafield ind1="2" ind2="0" tag="111"><subfield code="a">International Colloquium on Latin Linguistics</subfield><subfield code="n">(1st :</subfield><subfield code="d">1981 :</subfield><subfield code="c">Amsterdam, Netherlands)</subfield></datafield><datafield ind1="1" ind2="0" tag="245"><subfield code="a">Latin linguistics and linguistic theory :</subfield><subfield code="b">proceedings of the 1st International Colloquium on Latin Linguistics, Amsterdam, April 1981 /</subfield><subfield code="c">edited by Harm Pinkster.</subfield></datafield><datafield ind1="0" ind2=" " tag="260"><subfield code="a">Amsterdam ;</subfield><subfield code="a">Philadelphia :</subfield><subfield code="b">J. Benjamins,</subfield><subfield code="c">1983.</subfield></datafield><datafield ind1=" " ind2=" " tag="300"><subfield code="a">xviii, 307 p. :</subfield><subfield code="b">ill. ;</subfield><subfield code="c">23 cm.</subfield></datafield><datafield ind1="1" ind2=" " tag="490"><subfield code="a">Studies in language companion series (SLCS),</subfield><subfield code="x">0165-7763 ;</subfield><subfield code="v">v. 12</subfield></datafield><datafield ind1=" " ind2=" " tag="500"><subfield code="a">English, French, and German.</subfield></datafield><datafield ind1=" " ind2=" " tag="500"><subfield code="a">Organized by the Dept. of Latin at the University of Amsterdam--Preface.</subfield></datafield><datafield ind1=" " ind2=" " tag="504"><subfield code="a">Includes bibliographies and indexes.</subfield></datafield><datafield ind1=" " ind2="0" tag="650"><subfield code="a">Latin language</subfield><subfield code="x">Grammar</subfield><subfield code="v">Congresses.</subfield></datafield><datafield ind1="1" ind2="0" tag="700"><subfield code="a">Pinkster, Harm.</subfield></datafield><datafield ind1="2" ind2="0" tag="710"><subfield code="a">Universiteit van Amsterdam.</subfield><subfield code="b">Dept. of Latin.</subfield></datafield><datafield ind1=" " ind2="0" tag="830"><subfield code="a">Studies in language companion series ;</subfield><subfield code="v">12.</subfield></datafield><datafield ind1=" " ind2=" " tag="035"><subfield code="a">(TxDaGIAL)37741100004010</subfield></datafield><controlfield tag="005">20080624160236.0</controlfield><controlfield tag="001">5055</controlfield><controlfield tag="003">TxDaGIAL</controlfield><datafield ind1=" " ind2=" " tag="852"><subfield code="p">37741100004010</subfield><subfield code="a">Library</subfield><subfield code="9">$82.00</subfield><subfield code="x">COPYID:5997</subfield><subfield code="x">FSC@aRegular@c19950508</subfield><subfield code="h">475 I61L 1983</subfield><subfield code="z">13437</subfield></datafield></record>