
<record><leader>00823nam a2200229 a 4500</leader><controlfield tag="008">820510s1992    ii            00010 eng d</controlfield><datafield ind1=" " ind2=" " tag="035"><subfield code="a">(CU-UC)dlaisn1640765</subfield></datafield><datafield ind1=" " ind2=" " tag="040"><subfield code="a">C</subfield><subfield code="c">C</subfield><subfield code="d">CStRLIN</subfield><subfield code="d">TxDaGIAL</subfield></datafield><datafield ind1="0" ind2=" " tag="041"><subfield code="a">engmal</subfield></datafield><datafield ind1="1" ind2="0" tag="100"><subfield code="a">Meenakshi Amma, C. L.</subfield></datafield><datafield ind1="1" ind2="0" tag="245"><subfield code="a">Learn Malayalam in 30 days /</subfield><subfield code="c">by C. L. Meenakshi Amma.</subfield></datafield><datafield ind1=" " ind2=" " tag="250"><subfield code="a">15th ed.</subfield></datafield><datafield ind1="0" ind2=" " tag="260"><subfield code="a">Madras :</subfield><subfield code="b">Balaji Publications ;</subfield><subfield code="a">Queens Village, N.Y. :</subfield><subfield code="b">distributed by Asia Book Corp. of America,</subfield><subfield code="c">1992.</subfield></datafield><datafield ind1=" " ind2=" " tag="300"><subfield code="a">164 p. ;</subfield><subfield code="c">18 cm.</subfield></datafield><datafield ind1=" " ind2="0" tag="440"><subfield code="a">National integration language series</subfield></datafield><datafield ind1=" " ind2=" " tag="546"><subfield code="a">English.</subfield></datafield><datafield ind1=" " ind2="0" tag="650"><subfield code="a">Malayalam language</subfield><subfield code="x">Self-instruction.</subfield></datafield><datafield ind1=" " ind2=" " tag="035"><subfield code="a">(TxDaGIAL)37741100014722</subfield></datafield><controlfield tag="005">20080624160240.0</controlfield><controlfield tag="001">5072</controlfield><controlfield tag="003">TxDaGIAL</controlfield><datafield ind1=" " ind2=" " tag="852"><subfield code="p">37741100014722</subfield><subfield code="a">Library</subfield><subfield code="9">$6.05</subfield><subfield code="x">COPYID:6016</subfield><subfield code="x">FSC@aRegular@c19970127</subfield><subfield code="h">494.812 M494L 1992</subfield><subfield code="z">B/T 3-94</subfield></datafield></record>