
<record><leader>01209cam a2200253   4500</leader><controlfield tag="008">941119s1991    mdu           000 0 eng d</controlfield><datafield ind1=" " ind2=" " tag="040"><subfield code="a">TxDaGIAL</subfield><subfield code="c">TxDaGIAL</subfield><subfield code="d">TxDaGIAL</subfield><subfield code="d">TxDaGIAL</subfield></datafield><datafield ind1="1" ind2=" " tag="041"><subfield code="a">engkaz</subfield></datafield><datafield ind1="1" ind2="4" tag="050"><subfield code="a">PL65.K4</subfield></datafield><datafield ind1="0" ind2="4" tag="082"><subfield code="a">494.3/45</subfield><subfield code="2">20</subfield></datafield><datafield ind1="1" ind2=" " tag="100"><subfield code="a">Ayapova, Tangat Tangirberdi Kyzy.</subfield></datafield><datafield ind1="1" ind2="0" tag="245"><subfield code="a">Learn the Kazakh language in 70 steps :</subfield><subfield code="b">using 200 sentence models /</subfield><subfield code="c">Tangat Tangirberdi kyzy Ayapova ; edited by Alan D. Thomas.</subfield></datafield><datafield ind1=" " ind2=" " tag="260"><subfield code="a">Kensington, Md. :</subfield><subfield code="b">Dunwoody Press,</subfield><subfield code="c">c1991.</subfield></datafield><datafield ind1=" " ind2=" " tag="300"><subfield code="a">viii, 432 p. ;</subfield><subfield code="c">28 cm. +</subfield><subfield code="e">2 sound cassettes.</subfield></datafield><datafield ind1=" " ind2=" " tag="546"><subfield code="a">English and Kazakh.</subfield></datafield><datafield ind1=" " ind2="0" tag="650"><subfield code="a">Kazakh language</subfield><subfield code="v">textbooks for foreign speakers.</subfield></datafield><datafield ind1="1" ind2="0" tag="700"><subfield code="a">Thomas, Alan D.</subfield></datafield><datafield ind1=" " ind2=" " tag="035"><subfield code="a">(TxDaGIAL)37741100000533</subfield></datafield><controlfield tag="005">20080624160241.0</controlfield><controlfield tag="001">5075</controlfield><controlfield tag="003">TxDaGIAL</controlfield><datafield ind1=" " ind2=" " tag="852"><subfield code="p">37741100000533</subfield><subfield code="a">Library</subfield><subfield code="9">$49.00</subfield><subfield code="x">COPYID:6019</subfield><subfield code="x">FSC@aRegular@c19980825</subfield><subfield code="h">494.345 A973L 1991</subfield><subfield code="z">DIR book $49.00  cassettes $20.00   10-31-94</subfield></datafield><datafield ind1=" " ind2=" " tag="852"><subfield code="p">37741100000534</subfield><subfield code="a">Library</subfield><subfield code="9">$20.00</subfield><subfield code="x">COPYID:6020</subfield><subfield code="x">FSC@aRegular@c19980825</subfield><subfield code="h">494.345 A973L 1991 Tape 1-2</subfield><subfield code="z">DIR book $49.00  cassettes $20.00   10-31-94</subfield></datafield><datafield ind1=" " ind2=" " tag="852"><subfield code="p">37741100022861</subfield><subfield code="a">Library</subfield><subfield code="9">$0.00</subfield><subfield code="x">COPYID:6021</subfield><subfield code="x">FSC@aRegular@c19990125</subfield><subfield code="h">494.345 A973L 1991</subfield><subfield code="z">Gift Marlin Leaders 12-98</subfield></datafield></record>