
<record><leader>01085pam a2200289 a 4500</leader><controlfield tag="008">950207s1994    ctua     b    001 0 eng  </controlfield><datafield ind1=" " ind2=" " tag="010"><subfield code="a">   93041542</subfield></datafield><datafield ind1=" " ind2=" " tag="020"><subfield code="a">0300057717 (pbk.) :</subfield><subfield code="c">$15.00</subfield></datafield><datafield ind1=" " ind2=" " tag="040"><subfield code="a">DLC</subfield><subfield code="c">DLC</subfield><subfield code="d">DLC</subfield></datafield><datafield ind1="1" ind2=" " tag="041"><subfield code="a">eng</subfield><subfield code="h">swe</subfield></datafield><datafield ind1="0" ind2="0" tag="050"><subfield code="a">PL1171</subfield><subfield code="b">.B5613 1994</subfield></datafield><datafield ind1="0" ind2="0" tag="082"><subfield code="a">495.1/82421</subfield><subfield code="2">20</subfield></datafield><datafield ind1="1" ind2=" " tag="100"><subfield code="a">Bj&#246;rkst&#697;en, Johan,</subfield><subfield code="d">1964-</subfield></datafield><datafield ind1="1" ind2="0" tag="240"><subfield code="a">L&#228;r dig skriva kinesiska tecken.</subfield><subfield code="l">English.</subfield></datafield><datafield ind1="1" ind2="0" tag="245"><subfield code="a">Learn to write Chinese characters /</subfield><subfield code="c">Johan Bj&#246;rkst&#233;n.</subfield></datafield><datafield ind1=" " ind2=" " tag="260"><subfield code="a">New Haven :</subfield><subfield code="b">Yale University Press,</subfield><subfield code="c">c1994.</subfield></datafield><datafield ind1=" " ind2=" " tag="300"><subfield code="a">ix, 123 p. :</subfield><subfield code="b">ill. ;</subfield><subfield code="c">24 cm.</subfield></datafield><datafield ind1=" " ind2="0" tag="440"><subfield code="a">Yale language series</subfield></datafield><datafield ind1=" " ind2=" " tag="504"><subfield code="a">Includes bibliographical references (p. 113-114) and index.</subfield></datafield><datafield ind1=" " ind2="0" tag="650"><subfield code="a">Chinese characters.</subfield></datafield><datafield ind1=" " ind2="0" tag="650"><subfield code="a">Chinese language</subfield><subfield code="x">Writing.</subfield></datafield><datafield ind1=" " ind2=" " tag="035"><subfield code="a">(TxDaGIAL)37741100005796</subfield></datafield><controlfield tag="005">20080624160241.0</controlfield><controlfield tag="001">5077</controlfield><controlfield tag="003">TxDaGIAL</controlfield><datafield ind1=" " ind2=" " tag="852"><subfield code="p">37741100005796</subfield><subfield code="a">Library</subfield><subfield code="9">$13.05</subfield><subfield code="x">COPYID:6024</subfield><subfield code="x">FSC@aRegular@c19950720</subfield><subfield code="h">495.111 B626L 1994</subfield><subfield code="z">B/T 7-95</subfield></datafield><datafield ind1=" " ind2=" " tag="852"><subfield code="p">37741100005797</subfield><subfield code="a">Library</subfield><subfield code="9">$13.05</subfield><subfield code="x">COPYID:6025</subfield><subfield code="x">FSC@aRegular@c19950720</subfield><subfield code="h">495.111 B626L 1994</subfield><subfield code="z">B/T 7-95</subfield></datafield></record>