
<record><leader>01050cam a2200265 i 4500</leader><controlfield tag="008">790801s1968    bo            00010 spa  </controlfield><datafield ind1=" " ind2=" " tag="040"><subfield code="a">TxDaGIAL</subfield><subfield code="c">TxDaGIAL</subfield></datafield><datafield ind1="0" ind2=" " tag="050"><subfield code="a">PM6303</subfield><subfield code="b">.H438 1968</subfield></datafield><datafield ind1="0" ind2="4" tag="082"><subfield code="a">498/.3</subfield><subfield code="2">19</subfield></datafield><datafield ind1=" " ind2=" " tag="094"><subfield code="a">QUL00</subfield><subfield code="2">ROPAL</subfield></datafield><datafield ind1="1" ind2="0" tag="100"><subfield code="a">Herrero, Joaqu&#237;n.</subfield></datafield><datafield ind1="1" ind2="0" tag="245"><subfield code="a">Lecciones de quechua /</subfield><subfield code="c">asesores, Joaqu&#237;n Herrero, Federico S&#225;nchez de Lozada, Luis Morat&#243;.</subfield></datafield><datafield ind1="0" ind2=" " tag="260"><subfield code="a">Cochabamba, Bolivia :</subfield><subfield code="b">Instituto de Idiomas,</subfield><subfield code="c">1968.</subfield></datafield><datafield ind1=" " ind2=" " tag="300"><subfield code="a">2 v. ;</subfield><subfield code="c">28 cm.</subfield></datafield><datafield ind1=" " ind2=" " tag="500"><subfield code="a">Cover title.</subfield></datafield><datafield ind1="0" ind2=" " tag="505"><subfield code="a">[1.] Primer nivel -- [2.] Segundo nivel.</subfield></datafield><datafield ind1=" " ind2="0" tag="650"><subfield code="a">Quechua language</subfield><subfield code="v">Textbooks for foreign speakers</subfield><subfield code="x">Spanish.</subfield></datafield><datafield ind1="1" ind2="0" tag="700"><subfield code="a">S&#225;nchez de Lozada, Federico,</subfield><subfield code="e">joint author.</subfield></datafield><datafield ind1="1" ind2="0" tag="700"><subfield code="a">Morat&#243; Pe&#241;a, Luis,</subfield><subfield code="e">joint author.</subfield></datafield><datafield ind1=" " ind2=" " tag="035"><subfield code="a">(TxDaGIAL)37741100013079</subfield></datafield><controlfield tag="005">20080624160251.0</controlfield><controlfield tag="001">5119</controlfield><controlfield tag="003">TxDaGIAL</controlfield><datafield ind1=" " ind2=" " tag="852"><subfield code="p">37741100013079</subfield><subfield code="a">Library</subfield><subfield code="x">COPYID:6076</subfield><subfield code="x">FSC@aRegular@c19960905</subfield><subfield code="h">498.3237 L457h vol.1 1968</subfield><subfield code="z">548</subfield></datafield><datafield ind1=" " ind2=" " tag="852"><subfield code="p">37741100013080</subfield><subfield code="a">Library</subfield><subfield code="x">COPYID:6077</subfield><subfield code="x">FSC@aRegular@c19960905</subfield><subfield code="h">498.3237 L457h vol.2 1968</subfield><subfield code="z">549</subfield></datafield></record>