
<record><leader>00607nam a2200181 a 4500</leader><controlfield tag="008">971030s1983    et            000 0 amh d</controlfield><datafield ind1=" " ind2=" " tag="040"><subfield code="a">TxDaGIAL</subfield><subfield code="c">TxDaGIAL</subfield></datafield><datafield ind1="0" ind2=" " tag="041"><subfield code="a">amh</subfield></datafield><datafield ind1="1" ind2="0" tag="242"><subfield code="a">Amharic grammar lessons for Bible translators</subfield></datafield><datafield ind1="0" ind2="0" tag="245"><subfield code="a">Lemes'haf k'idus tirgwamiwoc yetezegangje yeamari&#241;&#241;a sewasiw t'inat.</subfield></datafield><datafield ind1=" " ind2=" " tag="260"><subfield code="a">Addis Ababa, Ethiopia,</subfield><subfield code="c">1983.</subfield></datafield><datafield ind1=" " ind2=" " tag="300"><subfield code="a">78 p. ;</subfield><subfield code="c">30 cm.</subfield></datafield><datafield ind1=" " ind2="0" tag="650"><subfield code="a">Amharic language.</subfield></datafield><datafield ind1=" " ind2=" " tag="035"><subfield code="a">(TxDaGIAL)37741100021542</subfield></datafield><controlfield tag="005">20080624160255.0</controlfield><controlfield tag="001">5132</controlfield><controlfield tag="003">TxDaGIAL</controlfield><datafield ind1=" " ind2=" " tag="852"><subfield code="p">37741100021542</subfield><subfield code="a">Library</subfield><subfield code="x">COPYID:6091</subfield><subfield code="x">FSC@aRegular@c19971031</subfield><subfield code="h">220.5 B263b.A 1983</subfield><subfield code="z">13824</subfield></datafield></record>