
<record><leader>00813nam a2200217Ii 4500</leader><controlfield tag="008">730312m19619999ve            00010 spa u</controlfield><datafield ind1=" " ind2=" " tag="010"><subfield code="a">   62042335</subfield></datafield><datafield ind1=" " ind2=" " tag="040"><subfield code="c">OUN</subfield><subfield code="d">m.c.</subfield><subfield code="d">NDD</subfield></datafield><datafield ind1=" " ind2=" " tag="050"><subfield code="a">F2235.3</subfield><subfield code="b">.H5</subfield></datafield><datafield ind1="1" ind2="0" tag="100"><subfield code="a">Hildebrandt, Martha.</subfield></datafield><datafield ind1="1" ind2="3" tag="245"><subfield code="a">La lengua de Bol&#237;var.</subfield></datafield><datafield ind1="0" ind2=" " tag="260"><subfield code="a">[Caracas] :</subfield><subfield code="b">Universidad Central de Venezuela, Facultad de Humanidades y Educaci&#243;n, Instituto de Filolog&#237;a &quot;Andr&#233;s Bello&quot;,</subfield><subfield code="c">[1961-</subfield></datafield><datafield ind1=" " ind2=" " tag="300"><subfield code="a">    v. :</subfield><subfield code="b">port. ;</subfield><subfield code="c">24 cm.</subfield></datafield><datafield ind1="1" ind2=" " tag="505"><subfield code="a">1. L&#233;xico.  Bibliograf&#237;a (p. 499-505)</subfield></datafield><datafield ind1="1" ind2="0" tag="600"><subfield code="a">Bol&#237;var, Sim&#243;n,</subfield><subfield code="d">1783-1830</subfield><subfield code="x">Language.</subfield></datafield><datafield ind1=" " ind2="0" tag="650"><subfield code="a">Spanish language</subfield><subfield code="x">Provincialisms</subfield><subfield code="z">Latin America.</subfield></datafield><datafield ind1=" " ind2=" " tag="035"><subfield code="a">(TxDaGIAL)37741100020676</subfield></datafield><controlfield tag="005">20080624160255.0</controlfield><controlfield tag="001">5134</controlfield><controlfield tag="003">TxDaGIAL</controlfield><datafield ind1=" " ind2=" " tag="852"><subfield code="p">37741100020676</subfield><subfield code="a">Library</subfield><subfield code="x">COPYID:6093</subfield><subfield code="x">FSC@aRegular@c19970924</subfield><subfield code="h">465 H642L 1961</subfield></datafield></record>