
<record><leader>00912cam a2200277 a 4500</leader><controlfield tag="008">821223s1983    nyua          001 0 spa  </controlfield><datafield ind1=" " ind2=" " tag="010"><subfield code="a">   82024996 //r93</subfield></datafield><datafield ind1=" " ind2=" " tag="020"><subfield code="a">068417670X</subfield></datafield><datafield ind1=" " ind2=" " tag="040"><subfield code="a">DLC</subfield><subfield code="c">DLC</subfield><subfield code="d">DLC</subfield></datafield><datafield ind1="1" ind2=" " tag="041"><subfield code="a">spaeng</subfield></datafield><datafield ind1="0" ind2="0" tag="050"><subfield code="a">PC4112</subfield><subfield code="b">.C28 1983</subfield></datafield><datafield ind1="0" ind2="0" tag="082"><subfield code="a">468.2/421</subfield><subfield code="2">19</subfield></datafield><datafield ind1="1" ind2="0" tag="100"><subfield code="a">Castells, Matilde Olivella de.</subfield></datafield><datafield ind1="1" ind2="3" tag="245"><subfield code="a">La lengua espa&#241;ola :</subfield><subfield code="b">gram&#225;tica y cultura /</subfield><subfield code="c">Matilde Olivella de Castells, Harold E. Lionetti.</subfield></datafield><datafield ind1=" " ind2=" " tag="250"><subfield code="a">3rd ed.</subfield></datafield><datafield ind1="0" ind2=" " tag="260"><subfield code="a">New York :</subfield><subfield code="b">Scribner,</subfield><subfield code="c">c1983.</subfield></datafield><datafield ind1=" " ind2=" " tag="300"><subfield code="a">xv, 539, xxxvi, p. :</subfield><subfield code="b">ill. ;</subfield><subfield code="c">25 cm.</subfield></datafield><datafield ind1=" " ind2=" " tag="500"><subfield code="a">English and Spanish.</subfield></datafield><datafield ind1=" " ind2=" " tag="500"><subfield code="a">Includes index.</subfield></datafield><datafield ind1=" " ind2="0" tag="650"><subfield code="a">Spanish language</subfield><subfield code="x">Grammar.</subfield></datafield><datafield ind1="1" ind2="0" tag="700"><subfield code="a">Lionetti, Harold E.</subfield></datafield><datafield ind1=" " ind2=" " tag="035"><subfield code="a">(TxDaGIAL)37741100017312</subfield></datafield><controlfield tag="005">20080624160255.0</controlfield><controlfield tag="001">5135</controlfield><controlfield tag="003">TxDaGIAL</controlfield><datafield ind1=" " ind2=" " tag="852"><subfield code="p">37741100017312</subfield><subfield code="a">Library</subfield><subfield code="9">$0.00</subfield><subfield code="x">COPYID:6094</subfield><subfield code="x">FSC@aRegular@c19970505</subfield><subfield code="h">468.2421 C348L 1983</subfield><subfield code="z">Gift 6-94</subfield></datafield></record>