
<record><leader>00820cam a2200253 a 4500</leader><controlfield tag="008">840719s1984    hiu           00110 eng  </controlfield><datafield ind1=" " ind2=" " tag="010"><subfield code="a">   84016015 //r87</subfield></datafield><datafield ind1=" " ind2=" " tag="020"><subfield code="a">0824808223 :</subfield><subfield code="c">$15.00</subfield></datafield><datafield ind1=" " ind2=" " tag="040"><subfield code="a">DLC</subfield><subfield code="c">DLC</subfield><subfield code="d">TxDaGIAL</subfield></datafield><datafield ind1="0" ind2=" " tag="041"><subfield code="a">engilo</subfield></datafield><datafield ind1="0" ind2=" " tag="050"><subfield code="a">PL5752</subfield><subfield code="b">.E86 1984</subfield></datafield><datafield ind1="0" ind2=" " tag="082"><subfield code="a">499/.21</subfield><subfield code="2">19</subfield></datafield><datafield ind1="1" ind2="0" tag="100"><subfield code="a">Espiritu, Precy,</subfield><subfield code="d">1937-</subfield></datafield><datafield ind1="1" ind2="0" tag="245"><subfield code="a">Let's speak Ilokano /</subfield><subfield code="c">Precy Espiritu.</subfield></datafield><datafield ind1="0" ind2=" " tag="260"><subfield code="a">Honolulu :</subfield><subfield code="b">University of Hawaii Press,</subfield><subfield code="c">c1984.</subfield></datafield><datafield ind1=" " ind2=" " tag="300"><subfield code="a">xxii, 297 p. ;</subfield><subfield code="c">23 cm.</subfield></datafield><datafield ind1=" " ind2=" " tag="500"><subfield code="a">English and Iloko.</subfield></datafield><datafield ind1=" " ind2=" " tag="500"><subfield code="a">Includes index.</subfield></datafield><datafield ind1=" " ind2="0" tag="650"><subfield code="a">Iloko language</subfield><subfield code="v">Textbooks for foreign speakers</subfield><subfield code="x">English.</subfield></datafield><datafield ind1=" " ind2=" " tag="035"><subfield code="a">(TxDaGIAL)37741100011125</subfield></datafield><controlfield tag="005">20080624160257.0</controlfield><controlfield tag="001">5148</controlfield><controlfield tag="003">TxDaGIAL</controlfield><datafield ind1=" " ind2=" " tag="852"><subfield code="p">37741100011125</subfield><subfield code="a">Library</subfield><subfield code="x">COPYID:6112</subfield><subfield code="x">FSC@aRegular@c19960426</subfield><subfield code="h">499.2131 E77L 1984</subfield><subfield code="z">12447</subfield></datafield></record>