
<record><leader>01091cam a2200277 a 4500</leader><controlfield tag="008">940525s1993    ctua     b    000 0 eng  </controlfield><datafield ind1=" " ind2=" " tag="010"><subfield code="a">   93015797 //r94</subfield></datafield><datafield ind1=" " ind2=" " tag="020"><subfield code="a">0300056346 (pbk.) :</subfield><subfield code="c">$25.00</subfield></datafield><datafield ind1=" " ind2=" " tag="040"><subfield code="a">DLC</subfield><subfield code="c">DLC</subfield><subfield code="d">DLC</subfield></datafield><datafield ind1="0" ind2="0" tag="050"><subfield code="a">PJ6818</subfield><subfield code="b">.H87 1993</subfield></datafield><datafield ind1="0" ind2="0" tag="082"><subfield code="a">492/.77</subfield><subfield code="2">20</subfield></datafield><datafield ind1="1" ind2=" " tag="100"><subfield code="a">Hussein, Lutfi,</subfield><subfield code="d">1955-</subfield></datafield><datafield ind1="1" ind2="0" tag="245"><subfield code="a">Levantine Arabic for non-natives.</subfield><subfield code="p">Student book :</subfield><subfield code="b">a proficiency-oriented approach /</subfield><subfield code="c">Lutfi Hussein.</subfield></datafield><datafield ind1=" " ind2=" " tag="260"><subfield code="a">New Haven :</subfield><subfield code="b">Yale University Press,</subfield><subfield code="c">c1993.</subfield></datafield><datafield ind1=" " ind2=" " tag="300"><subfield code="a">ix, 117 p. :</subfield><subfield code="b">ill., maps ;</subfield><subfield code="c">28 cm.</subfield></datafield><datafield ind1=" " ind2="0" tag="440"><subfield code="a">Yale language series</subfield></datafield><datafield ind1=" " ind2=" " tag="504"><subfield code="a">Includes bibliographical references.</subfield></datafield><datafield ind1=" " ind2="0" tag="650"><subfield code="a">Arabic language</subfield><subfield code="x">Dialects</subfield><subfield code="z">Syria</subfield><subfield code="v">Texts.</subfield></datafield><datafield ind1=" " ind2="0" tag="650"><subfield code="a">Arabic language</subfield><subfield code="x">Dialects</subfield><subfield code="z">Lebanon</subfield><subfield code="v">Texts.</subfield></datafield><datafield ind1=" " ind2="0" tag="650"><subfield code="a">Arabic language</subfield><subfield code="v">Conversation and phrase books</subfield><subfield code="x">English.</subfield></datafield><datafield ind1=" " ind2="0" tag="650"><subfield code="a">Arabic language</subfield><subfield code="v">Textbooks for foreign speakers</subfield><subfield code="x">English.</subfield></datafield><datafield ind1=" " ind2=" " tag="035"><subfield code="a">(TxDaGIAL)37741100005798</subfield></datafield><controlfield tag="005">20080624160304.0</controlfield><controlfield tag="001">5177</controlfield><controlfield tag="003">TxDaGIAL</controlfield><datafield ind1=" " ind2=" " tag="852"><subfield code="p">37741100005798</subfield><subfield code="a">Library</subfield><subfield code="9">$21.75</subfield><subfield code="x">COPYID:6156</subfield><subfield code="x">FSC@aRegular@c19950720</subfield><subfield code="h">492.77 H972L 1993</subfield><subfield code="z">B/T 7-95</subfield></datafield></record>