
<record><leader>01086nam a2200289 a 4500</leader><controlfield tag="008">930825s1989    inua     b    000 0 eng d</controlfield><datafield ind1=" " ind2=" " tag="010"><subfield code="a">   91116050</subfield></datafield><datafield ind1=" " ind2=" " tag="035"><subfield code="a">(OCoLC)21863674</subfield></datafield><datafield ind1=" " ind2=" " tag="040"><subfield code="a">TxHR</subfield><subfield code="c">TxHR</subfield><subfield code="d">DLC</subfield></datafield><datafield ind1=" " ind2=" " tag="042"><subfield code="a">lccopycat</subfield></datafield><datafield ind1="0" ind2="4" tag="050"><subfield code="a">PC4175</subfield><subfield code="b">.W66 1989</subfield></datafield><datafield ind1="1" ind2="0" tag="100"><subfield code="a">Wong-opasi, Uthaiwan,</subfield><subfield code="d">1957-</subfield></datafield><datafield ind1="1" ind2="0" tag="245"><subfield code="a">Lexical phonology and the Spanish lexicon /</subfield><subfield code="c">Uthaiwan Wong-opasi.</subfield></datafield><datafield ind1=" " ind2=" " tag="260"><subfield code="a">Bloomington, Ind. :</subfield><subfield code="b">Indiana University Linguistics Club,</subfield><subfield code="c">[1989]</subfield></datafield><datafield ind1=" " ind2=" " tag="300"><subfield code="a">x, 180 p. :</subfield><subfield code="b">ill. ;</subfield><subfield code="c">29 cm.</subfield></datafield><datafield ind1=" " ind2=" " tag="500"><subfield code="a">Originally published as thesis (Ph. D.)--University of Illinois at Urbana-Champaign, 1987.</subfield></datafield><datafield ind1=" " ind2=" " tag="504"><subfield code="a">Bibliography: (p. 174-179).</subfield></datafield><datafield ind1=" " ind2="0" tag="650"><subfield code="a">Spanish language</subfield><subfield code="x">Word formation.</subfield></datafield><datafield ind1=" " ind2="0" tag="650"><subfield code="a">Spanish language</subfield><subfield code="x">Morphology.</subfield></datafield><datafield ind1=" " ind2="0" tag="650"><subfield code="a">Spanish language</subfield><subfield code="x">Phonology.</subfield></datafield><datafield ind1=" " ind2="0" tag="650"><subfield code="a">Lexical grammar.</subfield></datafield><datafield ind1="2" ind2="0" tag="710"><subfield code="a">Indiana University Linguistics Club.</subfield></datafield><datafield ind1=" " ind2=" " tag="035"><subfield code="a">(TxDaGIAL)37741100010125</subfield></datafield><controlfield tag="005">20080624160307.0</controlfield><controlfield tag="001">5187</controlfield><controlfield tag="003">TxDaGIAL</controlfield><datafield ind1=" " ind2=" " tag="852"><subfield code="p">37741100010125</subfield><subfield code="a">Library</subfield><subfield code="9">$14.05</subfield><subfield code="x">COPYID:6166</subfield><subfield code="x">FSC@aRegular@c19951208</subfield><subfield code="h">461 W872L 1989</subfield><subfield code="z">The Club 6-90</subfield></datafield></record>