
<record><leader>00942nam a2200265 a 4500</leader><controlfield tag="008">911101s1991    aku      b   s000 0 eng  </controlfield><datafield ind1=" " ind2=" " tag="010"><subfield code="a">   91622969</subfield></datafield><datafield ind1=" " ind2=" " tag="020"><subfield code="a">1555000428</subfield></datafield><datafield ind1=" " ind2=" " tag="040"><subfield code="a">DLC</subfield><subfield code="c">DLC</subfield></datafield><datafield ind1="0" ind2=" " tag="041"><subfield code="a">enghai</subfield></datafield><datafield ind1="0" ind2="0" tag="050"><subfield code="a">PM1274.Z9</subfield><subfield code="b">M34 1991</subfield></datafield><datafield ind1="0" ind2="0" tag="082"><subfield code="a">497/.2</subfield><subfield code="2">20</subfield></datafield><datafield ind1="1" ind2=" " tag="100"><subfield code="a">Enrico, John James.</subfield></datafield><datafield ind1="1" ind2="4" tag="245"><subfield code="a">The lexical phonology of Masset Haida /</subfield><subfield code="c">by John Enrico.</subfield></datafield><datafield ind1=" " ind2=" " tag="260"><subfield code="a">Fairbanks, Alaska :</subfield><subfield code="b">Alaska Native Language Center, University of Alaska Fairbanks,</subfield><subfield code="c">1991.</subfield></datafield><datafield ind1=" " ind2=" " tag="300"><subfield code="a">272 p. ;</subfield><subfield code="c">28 cm.</subfield></datafield><datafield ind1=" " ind2="0" tag="440"><subfield code="a">Alaska Native Language Center research papers,</subfield><subfield code="x">0883-8526 ;</subfield><subfield code="v">no. 8</subfield></datafield><datafield ind1=" " ind2=" " tag="500"><subfield code="a">English and Haida.</subfield></datafield><datafield ind1=" " ind2=" " tag="504"><subfield code="a">Includes bibliographical references (p. 266-272).</subfield></datafield><datafield ind1=" " ind2="0" tag="650"><subfield code="a">Haida language</subfield><subfield code="x">Phonology.</subfield></datafield><datafield ind1=" " ind2=" " tag="035"><subfield code="a">(TxDaGIAL)37741100010724</subfield></datafield><controlfield tag="005">20080624160307.0</controlfield><controlfield tag="001">5189</controlfield><controlfield tag="003">TxDaGIAL</controlfield><datafield ind1=" " ind2=" " tag="852"><subfield code="p">37741100010724</subfield><subfield code="a">Library</subfield><subfield code="9">$13.05</subfield><subfield code="x">COPYID:6168</subfield><subfield code="x">FSC@aRegular@c19960410</subfield><subfield code="h">497.2 E59L 1991</subfield><subfield code="z">B/T  1-96</subfield></datafield></record>