
<record><leader>00970pam a2200277 a 4500</leader><controlfield tag="008">880706s1988    nyua     b    00010 eng  </controlfield><datafield ind1=" " ind2=" " tag="010"><subfield code="a">   88021313</subfield></datafield><datafield ind1=" " ind2=" " tag="020"><subfield code="a">0824051874 (alk. paper)</subfield></datafield><datafield ind1=" " ind2=" " tag="040"><subfield code="a">DLC</subfield><subfield code="c">DLC</subfield></datafield><datafield ind1="0" ind2=" " tag="050"><subfield code="a">PM2285</subfield><subfield code="b">.H37 1988</subfield></datafield><datafield ind1="0" ind2=" " tag="082"><subfield code="a">497/.2</subfield><subfield code="2">19</subfield></datafield><datafield ind1="1" ind2="0" tag="100"><subfield code="a">Hargus, Sharon.</subfield></datafield><datafield ind1="1" ind2="4" tag="245"><subfield code="a">The lexical phonology of Sekani /</subfield><subfield code="c">Sharon Hargus.</subfield></datafield><datafield ind1="0" ind2=" " tag="260"><subfield code="a">New York :</subfield><subfield code="b">Garland Pub.,</subfield><subfield code="c">1988.</subfield></datafield><datafield ind1=" " ind2=" " tag="300"><subfield code="a">xv, 346 p. :</subfield><subfield code="b">ill. ;</subfield><subfield code="c">24 cm.</subfield></datafield><datafield ind1=" " ind2="0" tag="440"><subfield code="a">Outstanding dissertations in linguistics</subfield></datafield><datafield ind1=" " ind2=" " tag="500"><subfield code="a">Revision of the author's thesis (Ph. D.--University of California, 1985)</subfield></datafield><datafield ind1=" " ind2=" " tag="504"><subfield code="a">Bibliography: p. 339-346.</subfield></datafield><datafield ind1=" " ind2="0" tag="650"><subfield code="a">Sekani language</subfield><subfield code="x">Phonology.</subfield></datafield><datafield ind1=" " ind2="0" tag="650"><subfield code="a">Sekani language</subfield><subfield code="x">Grammar, Generative.</subfield></datafield><datafield ind1=" " ind2="0" tag="650"><subfield code="a">Lexical phonology.</subfield></datafield><datafield ind1=" " ind2=" " tag="035"><subfield code="a">(TxDaGIAL)37741100003617</subfield></datafield><controlfield tag="005">20080624160307.0</controlfield><controlfield tag="001">5190</controlfield><controlfield tag="003">TxDaGIAL</controlfield><datafield ind1=" " ind2=" " tag="852"><subfield code="p">37741100003617</subfield><subfield code="a">Library</subfield><subfield code="9">$58.00</subfield><subfield code="x">COPYID:6169</subfield><subfield code="x">FSC@aRegular@c19950419</subfield><subfield code="h">497.245 H279L 1988</subfield><subfield code="z">B/T 10-90</subfield></datafield></record>