
<record><leader>00895nam a2200241Ia 4500</leader><controlfield tag="008">870611s1986    inu      b    00010 eng d</controlfield><datafield ind1=" " ind2=" " tag="035"><subfield code="a">(CU-UC)3696479</subfield></datafield><datafield ind1=" " ind2=" " tag="040"><subfield code="a">GZM</subfield><subfield code="c">GZM</subfield><subfield code="d">UIU</subfield><subfield code="d">CUY</subfield></datafield><datafield ind1="1" ind2="0" tag="100"><subfield code="a">Park, Kabyong.</subfield></datafield><datafield ind1="1" ind2="4" tag="245"><subfield code="a">The lexical representations of Korean causatives and passives /</subfield><subfield code="c">by Kabyong Park.</subfield></datafield><datafield ind1="0" ind2=" " tag="260"><subfield code="a">Bloomington, Ind. :</subfield><subfield code="b">Reproduced by the Indiana University Linguistics Club,</subfield><subfield code="c">1986.</subfield></datafield><datafield ind1=" " ind2=" " tag="300"><subfield code="a">51 p. ;</subfield><subfield code="c">28 cm.</subfield></datafield><datafield ind1=" " ind2=" " tag="502"><subfield code="a">Thesis (M.A.)--University of North Carolina at Chapel Hill, 1986.</subfield></datafield><datafield ind1=" " ind2=" " tag="504"><subfield code="a">Bibliography: p. 50-51.</subfield></datafield><datafield ind1=" " ind2=" " tag="546"><subfield code="a">English.</subfield></datafield><datafield ind1=" " ind2="0" tag="650"><subfield code="a">Korean language</subfield><subfield code="x">Causative.</subfield></datafield><datafield ind1=" " ind2="0" tag="650"><subfield code="a">Korean language</subfield><subfield code="x">Passive voice.</subfield></datafield><datafield ind1=" " ind2="0" tag="650"><subfield code="a">Causative (Linguistics)</subfield></datafield><datafield ind1=" " ind2=" " tag="035"><subfield code="a">(TxDaGIAL)37741100015370</subfield></datafield><controlfield tag="005">20080624160307.0</controlfield><controlfield tag="001">5192</controlfield><controlfield tag="003">TxDaGIAL</controlfield><datafield ind1=" " ind2=" " tag="852"><subfield code="p">37741100015370</subfield><subfield code="a">Library</subfield><subfield code="x">COPYID:6171</subfield><subfield code="x">FSC@aRegular@c19970224</subfield><subfield code="h">495.75 P235L 1986</subfield><subfield code="z">12463</subfield></datafield></record>