
<record><leader>00815pam a2200229 a 4500</leader><controlfield tag="008">871118s1984    ja a     b    00110 eng d</controlfield><datafield ind1=" " ind2=" " tag="040"><subfield code="a">TxDaGIAL</subfield><subfield code="c">TxDaGIAL</subfield></datafield><datafield ind1="0" ind2=" " tag="082"><subfield code="a">415</subfield><subfield code="2">21</subfield></datafield><datafield ind1="1" ind2="0" tag="100"><subfield code="a">Starosta, Stanley.</subfield></datafield><datafield ind1="1" ind2="0" tag="245"><subfield code="a">Lexicase and Japanese language processing /</subfield><subfield code="c">Stanley Starosta.</subfield></datafield><datafield ind1="0" ind2=" " tag="260"><subfield code="a">[Tokyo :</subfield><subfield code="b">Japan Telegraph and Telephone Company / Institute of Electronics and Communication Engineering of Japan],</subfield><subfield code="c">1984.</subfield></datafield><datafield ind1=" " ind2=" " tag="300"><subfield code="a">90 p. :</subfield><subfield code="b">ill. ;</subfield><subfield code="c">30 cm.</subfield></datafield><datafield ind1=" " ind2=" " tag="500"><subfield code="a">Includes index.</subfield></datafield><datafield ind1=" " ind2=" " tag="504"><subfield code="a">Bibliography: p. 87-90.</subfield></datafield><datafield ind1=" " ind2=" " tag="546"><subfield code="a">English.</subfield></datafield><datafield ind1=" " ind2="0" tag="650"><subfield code="a">Case grammar.</subfield></datafield><datafield ind1=" " ind2="0" tag="650"><subfield code="a">Japanese language</subfield><subfield code="x">Case grammar.</subfield></datafield><datafield ind1=" " ind2=" " tag="035"><subfield code="a">(TxDaGIAL)37741100020135</subfield></datafield><controlfield tag="005">20080624160308.0</controlfield><controlfield tag="001">5194</controlfield><controlfield tag="003">TxDaGIAL</controlfield><datafield ind1=" " ind2=" " tag="852"><subfield code="p">37741100020135</subfield><subfield code="a">Library</subfield><subfield code="x">COPYID:6174</subfield><subfield code="x">FSC@aRegular@c19970912</subfield><subfield code="h">415 S795L 1984</subfield><subfield code="z">11974</subfield></datafield></record>