
<record><leader>00929cam a2200265Ii 4500</leader><controlfield tag="008">770708s1963    dcu          f00000 engm </controlfield><datafield ind1=" " ind2=" " tag="010"><subfield code="a">   64060207</subfield></datafield><datafield ind1=" " ind2=" " tag="035"><subfield code="a">(CU-UC)2466980</subfield></datafield><datafield ind1=" " ind2=" " tag="040"><subfield code="a">DLC</subfield><subfield code="c">OBE</subfield><subfield code="d">OBE</subfield><subfield code="d">m.c.</subfield><subfield code="d">SER</subfield><subfield code="d">CU-Riv</subfield></datafield><datafield ind1="0" ind2=" " tag="041"><subfield code="a">engnic</subfield></datafield><datafield ind1="0" ind2=" " tag="050"><subfield code="a">PL8055</subfield><subfield code="b">.U6</subfield></datafield><datafield ind1=" " ind2=" " tag="094"><subfield code="a">lin00</subfield><subfield code="2">ROPAL</subfield></datafield><datafield ind1="2" ind2="0" tag="110"><subfield code="a">Foreign Service Institute (U.S.)</subfield></datafield><datafield ind1="1" ind2="0" tag="245"><subfield code="a">Lingala, basic course /</subfield><subfield code="c">[by] James Redden, F. Bongo and associates.</subfield></datafield><datafield ind1="0" ind2=" " tag="260"><subfield code="a">Washington :</subfield><subfield code="b">Dept. of State; [for sale by the Superintendent of Documents, U.S. Govt. Print. Off.],</subfield><subfield code="c">1963.</subfield></datafield><datafield ind1=" " ind2=" " tag="300"><subfield code="a">xiv, 293 p. ;</subfield><subfield code="c">27 cm.</subfield></datafield><datafield ind1=" " ind2="0" tag="440"><subfield code="a">Foreign Service Institute basic course series</subfield></datafield><datafield ind1=" " ind2=" " tag="546"><subfield code="a">English.</subfield></datafield><datafield ind1=" " ind2="0" tag="650"><subfield code="a">Lingala language.</subfield></datafield><datafield ind1="1" ind2="0" tag="700"><subfield code="a">Redden, James E.</subfield></datafield><datafield ind1=" " ind2=" " tag="035"><subfield code="a">(TxDaGIAL)37741100015806</subfield></datafield><controlfield tag="005">20080624160318.0</controlfield><controlfield tag="001">5243</controlfield><controlfield tag="003">TxDaGIAL</controlfield><datafield ind1=" " ind2=" " tag="852"><subfield code="p">37741100015806</subfield><subfield code="a">Library</subfield><subfield code="x">COPYID:6228</subfield><subfield code="x">FSC@aRegular@c19970312</subfield><subfield code="h">496.396 R313L 1963</subfield><subfield code="z">12585</subfield></datafield></record>