
<record><leader>00998pam a2200241 a 4500</leader><controlfield tag="008">940608s1994    ilua     b    00110 eng  </controlfield><datafield ind1=" " ind2=" " tag="010"><subfield code="a">   93048051</subfield></datafield><datafield ind1=" " ind2=" " tag="020"><subfield code="a">0226762890 (pbk.) :</subfield><subfield code="c">$24.95</subfield></datafield><datafield ind1=" " ind2=" " tag="040"><subfield code="a">DLC</subfield><subfield code="c">DLC</subfield><subfield code="d">DLC</subfield></datafield><datafield ind1="0" ind2="0" tag="050"><subfield code="a">PL4159</subfield><subfield code="b">.S63 1994</subfield></datafield><datafield ind1="0" ind2="0" tag="082"><subfield code="a">495.9/17</subfield><subfield code="2">20</subfield></datafield><datafield ind1="1" ind2="0" tag="100"><subfield code="a">Smalley, William Allen.</subfield></datafield><datafield ind1="1" ind2="0" tag="245"><subfield code="a">Linguistic diversity and national unity :</subfield><subfield code="b">language ecology in Thailand /</subfield><subfield code="c">William A. Smalley.</subfield></datafield><datafield ind1="0" ind2=" " tag="260"><subfield code="a">Chicago :</subfield><subfield code="b">University of Chicago Press,</subfield><subfield code="c">1994.</subfield></datafield><datafield ind1=" " ind2=" " tag="300"><subfield code="a">xv, 436 p. :</subfield><subfield code="b">ill., maps ;</subfield><subfield code="c">24 cm.</subfield></datafield><datafield ind1=" " ind2=" " tag="504"><subfield code="a">Includes bibliographical references (p. 391-425) and index.</subfield></datafield><datafield ind1=" " ind2="0" tag="650"><subfield code="a">Thai language</subfield><subfield code="x">Dialects</subfield><subfield code="x">History.</subfield></datafield><datafield ind1=" " ind2=" " tag="035"><subfield code="a">(TxDaGIAL)37741100005891</subfield></datafield><controlfield tag="005">20080624160325.0</controlfield><controlfield tag="001">5267</controlfield><controlfield tag="003">TxDaGIAL</controlfield><datafield ind1=" " ind2=" " tag="852"><subfield code="p">37741100005891</subfield><subfield code="a">Library</subfield><subfield code="9">$21.71</subfield><subfield code="x">COPYID:6259</subfield><subfield code="x">FSC@aRegular@c19950724</subfield><subfield code="h">495.917 S635L 1994</subfield><subfield code="z">B/T  7-95</subfield></datafield><datafield ind1=" " ind2=" " tag="852"><subfield code="p">37741100024927</subfield><subfield code="a">Library</subfield><subfield code="9">$0.00</subfield><subfield code="x">FUND:Gift</subfield><subfield code="x">COPYID:6260</subfield><subfield code="x">FSC@aRegular@c20010809</subfield><subfield code="h">495.917 S635L 1994</subfield><subfield code="z">Gift Philip Homer 6-01</subfield></datafield></record>