
<record><leader>00596cam a22001810i 4500</leader><controlfield tag="008">670101m1951    quc                 eng x</controlfield><datafield ind1=" " ind2=" " tag="040"><subfield code="a">OTU</subfield><subfield code="b">ENG</subfield><subfield code="d">TxDaGIAL</subfield></datafield><datafield ind1=" " ind2="4" tag="050"><subfield code="a">PL1185</subfield><subfield code="b">H66</subfield></datafield><datafield ind1="1" ind2="0" tag="100"><subfield code="a">Hope, Edward Reginald.</subfield></datafield><datafield ind1="1" ind2="0" tag="245"><subfield code="a">Linguistic psychology and the romanization of Chinese /</subfield><subfield code="c">E. R. Hope.</subfield></datafield><datafield ind1="0" ind2=" " tag="260"><subfield code="a">Ottawa,</subfield><subfield code="c">1951.</subfield></datafield><datafield ind1=" " ind2=" " tag="300"><subfield code="a">xxvi, 121 p. ;</subfield><subfield code="c">28 cm.</subfield></datafield><datafield ind1=" " ind2="0" tag="650"><subfield code="a">Chinese language</subfield><subfield code="x">Transliteration.</subfield></datafield><datafield ind1=" " ind2=" " tag="035"><subfield code="a">(TxDaGIAL)37741100018557</subfield></datafield><controlfield tag="005">20080624160330.0</controlfield><controlfield tag="001">5284</controlfield><controlfield tag="003">TxDaGIAL</controlfield><datafield ind1=" " ind2=" " tag="852"><subfield code="p">37741100018557</subfield><subfield code="a">Library</subfield><subfield code="x">COPYID:6279</subfield><subfield code="x">FSC@aRegular@c19970523</subfield><subfield code="h">495.11 H791L 1951</subfield><subfield code="z">423</subfield></datafield></record>