
<record><leader>01012nam a2200241 a 4500</leader><controlfield tag="008">860911s1982    mr a     b    001 0 fre  </controlfield><datafield ind1=" " ind2=" " tag="010"><subfield code="a">   82198959</subfield></datafield><datafield ind1=" " ind2=" " tag="040"><subfield code="a">DLC</subfield><subfield code="c">DLC</subfield><subfield code="d">DLC</subfield></datafield><datafield ind1="0" ind2="0" tag="050"><subfield code="a">PJ6106</subfield><subfield code="b">.F35 1982</subfield></datafield><datafield ind1="1" ind2="0" tag="100"><subfield code="a">Fassi Fehri, Abdelkader.</subfield></datafield><datafield ind1="1" ind2="0" tag="245"><subfield code="a">Linguistique arabe :</subfield><subfield code="b">forme et interpr&#233;tation /</subfield><subfield code="c">Abdelkader Fassi Fehri.</subfield></datafield><datafield ind1="0" ind2=" " tag="260"><subfield code="a">Rabat :</subfield><subfield code="b">Facult&#233; des lettres et sciences humaines,</subfield><subfield code="c">1982.</subfield></datafield><datafield ind1=" " ind2=" " tag="300"><subfield code="a">xiii, 343 p. :</subfield><subfield code="b">ill. ;</subfield><subfield code="c">23 cm.</subfield></datafield><datafield ind1="1" ind2=" " tag="490"><subfield code="a">Publications de la Facult&#233; des lettres et des sciences humaines de Rabat, Th&#232;ses et m&#233;moires ;</subfield><subfield code="v">no 9</subfield></datafield><datafield ind1=" " ind2=" " tag="504"><subfield code="a">Bibliography: p. [321]-335.</subfield></datafield><datafield ind1=" " ind2=" " tag="500"><subfield code="a">Includes index.</subfield></datafield><datafield ind1=" " ind2="0" tag="650"><subfield code="a">Arabic language</subfield><subfield code="x">Grammar.</subfield></datafield><datafield ind1=" " ind2="0" tag="830"><subfield code="a">Publications de la Facult&#233; des lettres et des sciences humaines, Universit&#233; Mohamed V.</subfield><subfield code="p">Th&#232;ses et m&#233;moires ;</subfield><subfield code="v">9.</subfield></datafield><datafield ind1=" " ind2=" " tag="035"><subfield code="a">(TxDaGIAL)37741100014673</subfield></datafield><controlfield tag="005">20080624160345.0</controlfield><controlfield tag="001">5349</controlfield><controlfield tag="003">TxDaGIAL</controlfield><datafield ind1=" " ind2=" " tag="852"><subfield code="p">37741100014673</subfield><subfield code="a">Library</subfield><subfield code="9">$0.00</subfield><subfield code="x">COPYID:6357</subfield><subfield code="x">FSC@aRegular@c19970124</subfield><subfield code="h">492.75 F249L 1982</subfield><subfield code="z">Gift</subfield></datafield></record>