
<record><leader>00935nam a22002651  4500</leader><controlfield tag="008">940910s1993    inu           001 0 eng d</controlfield><datafield ind1=" " ind2=" " tag="010"><subfield code="a">94-188922</subfield></datafield><datafield ind1=" " ind2=" " tag="020"><subfield code="c">$6.00</subfield></datafield><datafield ind1=" " ind2=" " tag="040"><subfield code="a">DLC</subfield><subfield code="c">SILD</subfield><subfield code="d">SILD</subfield></datafield><datafield ind1=" " ind2=" " tag="050"><subfield code="a">GT3050</subfield><subfield code="b">.O43 1993</subfield></datafield><datafield ind1=" " ind2=" " tag="082"><subfield code="a">496.392</subfield></datafield><datafield ind1="1" ind2=" " tag="100"><subfield code="a">Omar, Alwiya Saleh.</subfield></datafield><datafield ind1="1" ind2="0" tag="245"><subfield code="a">Linking openings to closings in Kiswahili conversations /</subfield><subfield code="c">by Alwiya S. Omar.</subfield></datafield><datafield ind1=" " ind2=" " tag="260"><subfield code="a">Bloomington, Ind. :</subfield><subfield code="b">Indiana University Linguistics Club Publications,</subfield><subfield code="c">c1993.</subfield></datafield><datafield ind1=" " ind2=" " tag="300"><subfield code="a">48 p. ;</subfield><subfield code="c">28 cm.</subfield></datafield><datafield ind1=" " ind2=" " tag="504"><subfield code="a">Includes bibliographical references (p. 47-48).</subfield></datafield><datafield ind1=" " ind2="0" tag="650"><subfield code="a">Swahili language</subfield><subfield code="x">Discourse analysis.</subfield></datafield><datafield ind1=" " ind2="0" tag="650"><subfield code="a">Salutations.</subfield></datafield><datafield ind1="0" ind2="0" tag="630"><subfield code="a">Collection Conversations.</subfield></datafield><datafield ind1="2" ind2="0" tag="710"><subfield code="a">Indiana University Linguistics Club.</subfield></datafield><datafield ind1=" " ind2=" " tag="035"><subfield code="a">(TxDaGIAL)37741100000389</subfield></datafield><controlfield tag="005">20080624160346.0</controlfield><controlfield tag="001">5354</controlfield><controlfield tag="003">TxDaGIAL</controlfield><datafield ind1=" " ind2=" " tag="852"><subfield code="p">37741100000389</subfield><subfield code="a">Library</subfield><subfield code="9">$6.00</subfield><subfield code="x">COPYID:6362</subfield><subfield code="x">FSC@aRegular@c19940831</subfield><subfield code="h">496.392 O54L 1993</subfield><subfield code="z">direct</subfield></datafield></record>