
<record><leader>00889pam a2200277 a 4500</leader><controlfield tag="008">840427s1984    maua     b    00110 eng  </controlfield><datafield ind1=" " ind2=" " tag="010"><subfield code="a">   84009328</subfield></datafield><datafield ind1=" " ind2=" " tag="020"><subfield code="a">0201083728 (pbk.) :</subfield><subfield code="c">$19.95</subfield></datafield><datafield ind1=" " ind2=" " tag="040"><subfield code="a">DLC</subfield><subfield code="c">DLC</subfield><subfield code="d">TxDaGIAL</subfield></datafield><datafield ind1="0" ind2=" " tag="050"><subfield code="a">QA76.73.L23</subfield><subfield code="b">W56 1984</subfield></datafield><datafield ind1="0" ind2=" " tag="082"><subfield code="a">001.64/24</subfield><subfield code="2">19</subfield></datafield><datafield ind1="1" ind2="0" tag="100"><subfield code="a">Winston, Patrick Henry.</subfield></datafield><datafield ind1="1" ind2="0" tag="245"><subfield code="a">LISP /</subfield><subfield code="c">Patrick Henry Winston, Berthold Klaus Paul Horn.</subfield></datafield><datafield ind1=" " ind2=" " tag="250"><subfield code="a">2nd ed.</subfield></datafield><datafield ind1="0" ind2=" " tag="260"><subfield code="a">Reading, Mass. :</subfield><subfield code="b">Addison-Wesley,</subfield><subfield code="c">c1984.</subfield></datafield><datafield ind1=" " ind2=" " tag="300"><subfield code="a">xii, 434 p. :</subfield><subfield code="b">ill. ;</subfield><subfield code="c">23 cm.</subfield></datafield><datafield ind1=" " ind2=" " tag="504"><subfield code="a">Bibliography: p. 397-416.</subfield></datafield><datafield ind1=" " ind2=" " tag="500"><subfield code="a">Includes indexes.</subfield></datafield><datafield ind1=" " ind2="0" tag="650"><subfield code="a">LISP (Computer program language)</subfield></datafield><datafield ind1="1" ind2="0" tag="700"><subfield code="a">Horn, Berthold.</subfield></datafield><datafield ind1="0" ind2="1" tag="740"><subfield code="a">L.I.S.P.</subfield></datafield><datafield ind1=" " ind2=" " tag="035"><subfield code="a">(TxDaGIAL)37741100011064</subfield></datafield><controlfield tag="005">20080624160346.0</controlfield><controlfield tag="001">5356</controlfield><controlfield tag="003">TxDaGIAL</controlfield><datafield ind1=" " ind2=" " tag="852"><subfield code="p">37741100011064</subfield><subfield code="a">Library</subfield><subfield code="x">COPYID:6364</subfield><subfield code="x">FSC@aRegular@c19960426</subfield><subfield code="h">005.133 L771w 1984</subfield><subfield code="z">10902</subfield></datafield></record>