
<record><leader>00911nam a2200229 a 4500</leader><controlfield tag="008">970922s1984    txu           000 0 eng d</controlfield><datafield ind1=" " ind2=" " tag="040"><subfield code="a">TxDaGIAL</subfield><subfield code="c">TxDaGIAL</subfield></datafield><datafield ind1="1" ind2=" " tag="100"><subfield code="a">Gades, Susan Marie.</subfield></datafield><datafield ind1="1" ind2="2" tag="245"><subfield code="a">A literacy program planning guide for the Loko people of Sierra Leone /</subfield><subfield code="c">by Susan Marie Gades.</subfield></datafield><datafield ind1=" " ind2=" " tag="260"><subfield code="c">1984.</subfield></datafield><datafield ind1=" " ind2=" " tag="300"><subfield code="a">vi, 186 leaves :</subfield><subfield code="b">maps ;</subfield><subfield code="c">29 cm.</subfield></datafield><datafield ind1=" " ind2=" " tag="502"><subfield code="a">Thesis (M.A.)--University of Texas at Arlington, 1984.</subfield></datafield><datafield ind1=" " ind2=" " tag="504"><subfield code="a">Bibliography: leaves 183-186.</subfield></datafield><datafield ind1=" " ind2="0" tag="650"><subfield code="a">Literacy</subfield><subfield code="z">Sierra Leone.</subfield></datafield><datafield ind1=" " ind2="0" tag="650"><subfield code="a">Loko language.</subfield></datafield><datafield ind1="2" ind2="0" tag="610"><subfield code="a">University of Texas at Arlington</subfield><subfield code="x">Dissertations.</subfield></datafield><datafield ind1=" " ind2=" " tag="035"><subfield code="a">(TxDaGIAL)37741100020554</subfield></datafield><controlfield tag="005">20080624160354.0</controlfield><controlfield tag="001">5389</controlfield><controlfield tag="003">TxDaGIAL</controlfield><datafield ind1=" " ind2=" " tag="852"><subfield code="p">37741100020554</subfield><subfield code="a">Library</subfield><subfield code="x">COPYID:6403</subfield><subfield code="x">FSC@aRegular@c19970922</subfield><subfield code="h">302.22440966 G124L 1984</subfield><subfield code="z">10847</subfield></datafield><datafield ind1=" " ind2=" " tag="852"><subfield code="p">37741100020555</subfield><subfield code="a">Library</subfield><subfield code="x">COPYID:6404</subfield><subfield code="x">FSC@aRegular@c19970922</subfield><subfield code="h">302.22440966 G124L 1984</subfield><subfield code="z">10847</subfield></datafield></record>