
<record><leader>00948nam a2200253 i 4500</leader><controlfield tag="008">760922s1975    inu      b    00010 eng  </controlfield><datafield ind1=" " ind2=" " tag="010"><subfield code="a">   76374964</subfield></datafield><datafield ind1=" " ind2=" " tag="040"><subfield code="a">DLC</subfield><subfield code="c">DLC</subfield><subfield code="d">TxDaGIAL</subfield></datafield><datafield ind1="0" ind2=" " tag="050"><subfield code="a">PL664.A3</subfield><subfield code="b">L6 1975</subfield></datafield><datafield ind1=" " ind2=" " tag="082"><subfield code="a">495.6/2/4</subfield></datafield><datafield ind1="1" ind2="0" tag="100"><subfield code="a">Lovins, Julie Beth.</subfield></datafield><datafield ind1="1" ind2="0" tag="245"><subfield code="a">Loanwords and the phonological structure of Japanese /</subfield><subfield code="c">Julie Beth Lovins.</subfield></datafield><datafield ind1="0" ind2=" " tag="260"><subfield code="a">Bloomington :</subfield><subfield code="b">Indiana University Linguistics Club,</subfield><subfield code="c">[1975]</subfield></datafield><datafield ind1=" " ind2=" " tag="300"><subfield code="a">ii leaves, 164 p. ;</subfield><subfield code="c">28 cm.</subfield></datafield><datafield ind1=" " ind2=" " tag="500"><subfield code="a">Revised version of the author's thesis, University of Chicago, 1973.</subfield></datafield><datafield ind1=" " ind2=" " tag="500"><subfield code="a">Reproduced from type-written copy.</subfield></datafield><datafield ind1=" " ind2=" " tag="504"><subfield code="a">Bibliography: p. [156]-164.</subfield></datafield><datafield ind1=" " ind2="0" tag="650"><subfield code="a">Japanese language</subfield><subfield code="x">Foreign words and phrases.</subfield></datafield><datafield ind1=" " ind2="0" tag="650"><subfield code="a">Japanese language</subfield><subfield code="x">Phonetics.</subfield></datafield><datafield ind1=" " ind2=" " tag="035"><subfield code="a">(TxDaGIAL)37741100009346</subfield></datafield><controlfield tag="005">20080624160403.0</controlfield><controlfield tag="001">5427</controlfield><controlfield tag="003">TxDaGIAL</controlfield><datafield ind1=" " ind2=" " tag="852"><subfield code="p">37741100009346</subfield><subfield code="a">Library</subfield><subfield code="x">COPYID:6450</subfield><subfield code="x">FSC@aRegular@c19951108</subfield><subfield code="h">495.624 L911L 1975</subfield><subfield code="z">2-86</subfield></datafield></record>