
<record><leader>00950nam a2200277 i 4500</leader><controlfield tag="008">810505s1980    moua          00110 eng  </controlfield><datafield ind1=" " ind2=" " tag="010"><subfield code="a">   80082410</subfield></datafield><datafield ind1=" " ind2=" " tag="040"><subfield code="a">DLC</subfield><subfield code="c">DLC</subfield></datafield><datafield ind1="0" ind2=" " tag="041"><subfield code="a">enggernaimoh</subfield></datafield><datafield ind1="0" ind2=" " tag="050"><subfield code="a">BV510.M33</subfield><subfield code="b">M37</subfield></datafield><datafield ind1="1" ind2="0" tag="100"><subfield code="a">Masthay, Carl.</subfield></datafield><datafield ind1="1" ind2="0" tag="245"><subfield code="a">Mahican-language hymns, biblical prose, and vocabularies from Moravian sources, with 11 Mohawk hymns (transcription and translation) /</subfield><subfield code="c">by Carl Masthay.</subfield></datafield><datafield ind1="0" ind2=" " tag="260"><subfield code="a">St. Louis, Mo. :</subfield><subfield code="b">Masthay,</subfield><subfield code="c">1980.</subfield></datafield><datafield ind1=" " ind2=" " tag="300"><subfield code="a">47 p. :</subfield><subfield code="b">ill. ;</subfield><subfield code="c">28 cm.</subfield></datafield><datafield ind1=" " ind2=" " tag="500"><subfield code="a">English, German, Mahican, and Mohawk.</subfield></datafield><datafield ind1=" " ind2=" " tag="500"><subfield code="a">Includes index.</subfield></datafield><datafield ind1=" " ind2="0" tag="650"><subfield code="a">Hymns, Mahican.</subfield></datafield><datafield ind1=" " ind2="0" tag="650"><subfield code="a">Hymns, English.</subfield></datafield><datafield ind1=" " ind2="0" tag="650"><subfield code="a">Hymns, German.</subfield></datafield><datafield ind1="0" ind2="0" tag="600"><subfield code="a">Jesus Christ</subfield><subfield code="x">Passion.</subfield></datafield><datafield ind1=" " ind2="0" tag="650"><subfield code="a">Mahican language</subfield><subfield code="v">Texts.</subfield></datafield><datafield ind1=" " ind2=" " tag="035"><subfield code="a">(TxDaGIAL)37741100005516</subfield></datafield><controlfield tag="005">20080624160419.0</controlfield><controlfield tag="001">5502</controlfield><controlfield tag="003">TxDaGIAL</controlfield><datafield ind1=" " ind2=" " tag="852"><subfield code="p">37741100005516</subfield><subfield code="a">Library</subfield><subfield code="x">COPYID:6545</subfield><subfield code="x">FSC@aRegular@c19950705</subfield><subfield code="h">245 M423m 1980</subfield><subfield code="z">7221</subfield></datafield></record>