
<record><leader>01013nam a2200289 a 4500</leader><controlfield tag="008">870102s1986    ii       b   f00110 eng  </controlfield><datafield ind1=" " ind2=" " tag="010"><subfield code="a">   86903199</subfield></datafield><datafield ind1=" " ind2=" " tag="020"><subfield code="c">Rs30.00</subfield></datafield><datafield ind1=" " ind2=" " tag="025"><subfield code="a">I E 53237</subfield></datafield><datafield ind1=" " ind2=" " tag="040"><subfield code="a">DLC</subfield><subfield code="c">DLC</subfield></datafield><datafield ind1=" " ind2=" " tag="043"><subfield code="a">a-ii---</subfield></datafield><datafield ind1="0" ind2=" " tag="050"><subfield code="a">PK2631</subfield><subfield code="b">.R36 1986</subfield></datafield><datafield ind1="0" ind2=" " tag="082"><subfield code="a">491/.42/019</subfield><subfield code="2">19</subfield></datafield><datafield ind1="1" ind2="0" tag="100"><subfield code="a">Rangila, Ranjit Singh.</subfield></datafield><datafield ind1="1" ind2="0" tag="245"><subfield code="a">Maintenance of Panjabi language in Delhi :</subfield><subfield code="b">a sociolinguistic study /</subfield><subfield code="c">Ranjit Singh Rangila.</subfield></datafield><datafield ind1="0" ind2=" " tag="260"><subfield code="a">Mysore :</subfield><subfield code="b">Central Institute of Indian Languages,</subfield><subfield code="c">1986.</subfield></datafield><datafield ind1=" " ind2=" " tag="300"><subfield code="a">x, 252 p. ;</subfield><subfield code="c">22 cm.</subfield></datafield><datafield ind1="1" ind2=" " tag="490"><subfield code="a">CIIL sociolinguistics series ;</subfield><subfield code="v">6</subfield></datafield><datafield ind1=" " ind2=" " tag="504"><subfield code="a">Bibliography: p. 247.</subfield></datafield><datafield ind1=" " ind2=" " tag="500"><subfield code="a">Includes index.</subfield></datafield><datafield ind1=" " ind2="0" tag="650"><subfield code="a">Panjabi language</subfield><subfield code="z">India</subfield><subfield code="z">Delhi</subfield><subfield code="x">Social aspects.</subfield></datafield><datafield ind1=" " ind2="0" tag="830"><subfield code="a">Sociolinguistics series (Mysore, India) ;</subfield><subfield code="v">6.</subfield></datafield><datafield ind1=" " ind2=" " tag="035"><subfield code="a">(TxDaGIAL)37741100004011</subfield></datafield><controlfield tag="005">20080624160420.0</controlfield><controlfield tag="001">5508</controlfield><controlfield tag="003">TxDaGIAL</controlfield><datafield ind1=" " ind2=" " tag="852"><subfield code="p">37741100004011</subfield><subfield code="a">Library</subfield><subfield code="9">$3.75</subfield><subfield code="x">COPYID:6551</subfield><subfield code="x">FSC@aRegular@c19950508</subfield><subfield code="h">491.42019 R196m 1986</subfield><subfield code="z">Indian Book Centre 4-89</subfield></datafield></record>