
<record><leader>00777nam a2200205 a 4500</leader><controlfield tag="008">970728s1985    txu           000 0 eng d</controlfield><datafield ind1=" " ind2=" " tag="040"><subfield code="a">TxDaGIAL</subfield><subfield code="c">TxDaGIAL</subfield></datafield><datafield ind1="1" ind2=" " tag="100"><subfield code="a">George, Jacob.</subfield></datafield><datafield ind1="1" ind2="0" tag="245"><subfield code="a">Malayalam narrative: a stratificational approach /</subfield><subfield code="c">by Jacob George C.</subfield></datafield><datafield ind1=" " ind2=" " tag="260"><subfield code="c">1985.</subfield></datafield><datafield ind1=" " ind2=" " tag="300"><subfield code="a">viii, 130 leaves :</subfield><subfield code="b">charts (folded) ;</subfield><subfield code="c">29 cm.</subfield></datafield><datafield ind1=" " ind2=" " tag="502"><subfield code="a">Non-thesis project presented for the M.A. in linguistics at University of Texas at Arlington, 1985.</subfield></datafield><datafield ind1=" " ind2=" " tag="504"><subfield code="a">Bibliography: leaves 107-109.</subfield></datafield><datafield ind1=" " ind2="0" tag="650"><subfield code="a">Malayalam language</subfield><subfield code="x">Grammar.</subfield></datafield><datafield ind1=" " ind2="0" tag="650"><subfield code="a">Stratificational grammar.</subfield></datafield><datafield ind1=" " ind2=" " tag="035"><subfield code="a">(TxDaGIAL)37741100019263</subfield></datafield><controlfield tag="005">20080624160426.0</controlfield><controlfield tag="001">5531</controlfield><controlfield tag="003">TxDaGIAL</controlfield><datafield ind1=" " ind2=" " tag="852"><subfield code="p">37741100019263</subfield><subfield code="a">Library</subfield><subfield code="x">COPYID:6577</subfield><subfield code="x">FSC@aRegular@c19970729</subfield><subfield code="h">494.812 G348m 1985</subfield><subfield code="z">11800</subfield></datafield></record>