
<record><leader>01202nam a2200277 i 4500</leader><controlfield tag="008">960423s1995    txua          000 0 eng d</controlfield><datafield ind1=" " ind2=" " tag="040"><subfield code="a">TxDaGIAL</subfield><subfield code="c">TxDaGIAL</subfield></datafield><datafield ind1="0" ind2="4" tag="082"><subfield code="a">498.4</subfield></datafield><datafield ind1="1" ind2=" " tag="100"><subfield code="a">Eberhard, David,</subfield><subfield code="d">1961-</subfield></datafield><datafield ind1="1" ind2="0" tag="245"><subfield code="a">Mamaind&#233; stress :</subfield><subfield code="b">the need for strata /</subfield><subfield code="c">David Eberhard.</subfield></datafield><datafield ind1=" " ind2=" " tag="260"><subfield code="a">Dallas, Tex. :</subfield><subfield code="b">The Summer Institute of Linguistics and The University of Texas at Arlington,</subfield><subfield code="c">1995.</subfield></datafield><datafield ind1=" " ind2=" " tag="300"><subfield code="a">159 p. :</subfield><subfield code="b">ill. ;</subfield><subfield code="c">23 cm.</subfield></datafield><datafield ind1=" " ind2="0" tag="440"><subfield code="a">Summer Institute of Linguistics and the University of Texas at Arlington publications in linguistics,</subfield><subfield code="x">1040-0850 ;</subfield><subfield code="v">122</subfield></datafield><datafield ind1=" " ind2=" " tag="504"><subfield code="a">Bibliographical references: p. 155-159.</subfield></datafield><datafield ind1=" " ind2=" " tag="502"><subfield code="a">Originally appeared as Thesis (M.A.)--University of Texas at Arlington, 1993.</subfield></datafield><datafield ind1=" " ind2="0" tag="650"><subfield code="a">Mamaind&#234; dialect.</subfield></datafield><datafield ind1=" " ind2="0" tag="650"><subfield code="a">Nambicuara language.</subfield></datafield><datafield ind1=" " ind2="0" tag="650"><subfield code="a">Lexical phonology.</subfield></datafield><datafield ind1=" " ind2="0" tag="650"><subfield code="a">Metrical phonology.</subfield></datafield><datafield ind1=" " ind2="0" tag="650"><subfield code="a">Accents and accentuation.</subfield></datafield><datafield ind1=" " ind2=" " tag="035"><subfield code="a">(TxDaGIAL)37741100011028</subfield></datafield><controlfield tag="005">20080624160428.0</controlfield><controlfield tag="001">5539</controlfield><controlfield tag="003">TxDaGIAL</controlfield><datafield ind1=" " ind2=" " tag="852"><subfield code="p">37741100011029</subfield><subfield code="a">Library</subfield><subfield code="9">$0.00</subfield><subfield code="x">COPYID:6585</subfield><subfield code="x">FSC@aRegular@c19960426</subfield><subfield code="h">498.4 E16m 1995</subfield><subfield code="z">s.o.</subfield></datafield><datafield ind1=" " ind2=" " tag="852"><subfield code="p">37741100011028</subfield><subfield code="a">Library</subfield><subfield code="9">$0.00</subfield><subfield code="x">COPYID:6586</subfield><subfield code="x">FSC@aRegular@c19960426</subfield><subfield code="h">498.4 E16m 1995</subfield><subfield code="z">s.o.</subfield></datafield></record>