
<record><leader>01182Qam a2200277Ia 4500</leader><controlfield tag="008">800508s1979    xx            000 0 eng d</controlfield><datafield ind1=" " ind2=" " tag="035"><subfield code="a">(CU-UC)dlaisn664893</subfield></datafield><datafield ind1=" " ind2=" " tag="040"><subfield code="a">GSU</subfield><subfield code="c">GSU</subfield><subfield code="d">CU-SC</subfield></datafield><datafield ind1="1" ind2=" " tag="100"><subfield code="a">Bagari, Dauda M.</subfield><subfield code="q">(Dauda Muhammad)</subfield></datafield><datafield ind1="1" ind2="0" tag="245"><subfield code="a">Manual of Hausa idioms /</subfield><subfield code="c">by Dauda M. Bagari, William R. Leben, Faye McNair Knox.</subfield></datafield><datafield ind1=" " ind2=" " tag="250"><subfield code="a">2nd rev. ed.</subfield></datafield><datafield ind1=" " ind2=" " tag="260"><subfield code="a">Bloomington, Ind. :</subfield><subfield code="b">I.U. Linguistics Club,</subfield><subfield code="c">1979.</subfield></datafield><datafield ind1=" " ind2=" " tag="300"><subfield code="a">iii, 233 p. ;</subfield><subfield code="c">28 cm.</subfield></datafield><datafield ind1=" " ind2=" " tag="500"><subfield code="a">Includes index.</subfield></datafield><datafield ind1=" " ind2=" " tag="500"><subfield code="a">First ed. published 1976 by NDEA Center for African Language and Area Studies, Stanford University.</subfield></datafield><datafield ind1=" " ind2=" " tag="500"><subfield code="a">"Written under a contract with the U.S. Office of Education, Institute of International Studies, Language and Area Research Section, Contract Number OEC 0 743538."</subfield></datafield><datafield ind1=" " ind2=" " tag="546"><subfield code="a">English.</subfield></datafield><datafield ind1=" " ind2="0" tag="650"><subfield code="a">Hausa language</subfield><subfield code="x">Idioms, corrections, errors.</subfield></datafield><datafield ind1="1" ind2="0" tag="700"><subfield code="a">Knox, Faye McNair.</subfield></datafield><datafield ind1="1" ind2="0" tag="700"><subfield code="a">Leben, William Ronald,</subfield><subfield code="d">1943-</subfield></datafield><datafield ind1="2" ind2="0" tag="710"><subfield code="a">Indiana University Linguistics Club.</subfield></datafield><datafield ind1=" " ind2=" " tag="035"><subfield code="a">(TxDaGIAL)37741100014751</subfield></datafield><controlfield tag="005">20080624160435.0</controlfield><controlfield tag="001">5586</controlfield><controlfield tag="003">TxDaGIAL</controlfield><datafield ind1=" " ind2=" " tag="852"><subfield code="p">37741100014751</subfield><subfield code="a">Library</subfield><subfield code="x">COPYID:6638</subfield><subfield code="x">FSC@aRegular@c19970127</subfield><subfield code="h">493.72 B144m 1979</subfield></datafield></record>