
<record><leader>00666nam a2200205Ii 4500</leader><controlfield tag="008">800103s1871    cc            00000 eng d</controlfield><datafield ind1=" " ind2=" " tag="040"><subfield code="a">TxDaGIAL</subfield><subfield code="c">TxDaGIAL</subfield></datafield><datafield ind1="0" ind2=" " tag="041"><subfield code="a">engchi</subfield></datafield><datafield ind1="1" ind2="0" tag="100"><subfield code="a">Baldwin, C. C.</subfield></datafield><datafield ind1="1" ind2="2" tag="245"><subfield code="a">A manual of the Foochow dialect /</subfield><subfield code="c">by Rev. C. C. Baldwin.</subfield></datafield><datafield ind1="0" ind2=" " tag="260"><subfield code="a">Foochow :</subfield><subfield code="b">Methodist Episcopal Mission Press,</subfield><subfield code="c">1871.</subfield></datafield><datafield ind1=" " ind2=" " tag="300"><subfield code="a">viii, 256 p. ;</subfield><subfield code="c">22 cm.</subfield></datafield><datafield ind1=" " ind2=" " tag="546"><subfield code="a">English.</subfield></datafield><datafield ind1=" " ind2="0" tag="650"><subfield code="a">Chinese language</subfield><subfield code="x">Dialects</subfield><subfield code="x">Foochow.</subfield></datafield><datafield ind1="1" ind2="1" tag="700"><subfield code="a">Baldwin, Caleb C.</subfield></datafield><datafield ind1=" " ind2=" " tag="035"><subfield code="a">(TxDaGIAL)37741100019542</subfield></datafield><controlfield tag="005">20080624160436.0</controlfield><controlfield tag="001">5589</controlfield><controlfield tag="003">TxDaGIAL</controlfield><datafield ind1=" " ind2=" " tag="852"><subfield code="p">37741100019542</subfield><subfield code="a">Library</subfield><subfield code="x">COPYID:6641</subfield><subfield code="x">FSC@aRegular@c19970806</subfield><subfield code="h">495.17 B181f 1871</subfield></datafield></record>