
<record><leader>00752nam a2200205 a 4500</leader><controlfield tag="008">970328s1981    mdu           000 0 eng d</controlfield><datafield ind1=" " ind2=" " tag="040"><subfield code="a">TxDaGIAL</subfield><subfield code="c">TxDaGIAL</subfield></datafield><datafield ind1="1" ind2=" " tag="100"><subfield code="a">Willett, Thomas L.</subfield></datafield><datafield ind1="1" ind2="0" tag="245"><subfield code="a">Marking grammatical relations in Southeastern Tepehuan /</subfield><subfield code="c">by Thomas L. Willett.</subfield></datafield><datafield ind1=" " ind2=" " tag="260"><subfield code="c">1981.</subfield></datafield><datafield ind1=" " ind2=" " tag="300"><subfield code="a">xi, 120 leaves ;</subfield><subfield code="c">29 cm.</subfield></datafield><datafield ind1=" " ind2=" " tag="502"><subfield code="a">Thesis (M.A.)--University of North Dakota, 1981.</subfield></datafield><datafield ind1=" " ind2=" " tag="504"><subfield code="a">Bibliography : leaves 119-120.</subfield></datafield><datafield ind1=" " ind2="0" tag="650"><subfield code="a">Tepehuan language</subfield><subfield code="x">Grammar.</subfield></datafield><datafield ind1="2" ind2="0" tag="610"><subfield code="a">University of North Dakota.</subfield><subfield code="b">Graduate Faculty</subfield><subfield code="x">Dissertations.</subfield></datafield><datafield ind1=" " ind2=" " tag="035"><subfield code="a">(TxDaGIAL)37741100016315</subfield></datafield><controlfield tag="005">20080624160442.0</controlfield><controlfield tag="001">5612</controlfield><controlfield tag="003">TxDaGIAL</controlfield><datafield ind1=" " ind2=" " tag="852"><subfield code="p">37741100016315</subfield><subfield code="a">Library</subfield><subfield code="x">COPYID:6668</subfield><subfield code="x">FSC@aRegular@c19970324</subfield><subfield code="h">497.45 W713m 1981</subfield><subfield code="z">7745</subfield></datafield></record>