
<record><leader>00840cam a2200229Ia 4500</leader><controlfield tag="008">740521s1930    ilu           00010 eng  </controlfield><datafield ind1=" " ind2=" " tag="010"><subfield code="a">   30018765</subfield></datafield><datafield ind1=" " ind2=" " tag="035"><subfield code="a">(CU-UC)1316176</subfield></datafield><datafield ind1=" " ind2=" " tag="040"><subfield code="a">DLC</subfield><subfield code="c">COO</subfield><subfield code="d">SER</subfield><subfield code="d">m/c</subfield><subfield code="d">PIT</subfield></datafield><datafield ind1="1" ind2="0" tag="100"><subfield code="a">Li, Fanggui.</subfield></datafield><datafield ind1="1" ind2="0" tag="245"><subfield code="a">Mattole :</subfield><subfield code="b">an Athabaskan language /</subfield><subfield code="c">by Fang-kuei Li.</subfield></datafield><datafield ind1="0" ind2=" " tag="260"><subfield code="a">Chicago :</subfield><subfield code="b">The University of Chicago Press,</subfield><subfield code="c">1930.</subfield></datafield><datafield ind1=" " ind2=" " tag="300"><subfield code="a">vii, 152 p. ;</subfield><subfield code="c">22 cm.</subfield></datafield><datafield ind1=" " ind2="4" tag="440"><subfield code="a">The University of Chicago publications in anthropology.</subfield><subfield code="p">Linguistic series</subfield></datafield><datafield ind1=" " ind2=" " tag="546"><subfield code="a">English.</subfield></datafield><datafield ind1=" " ind2="0" tag="650"><subfield code="a">Mattole language.</subfield></datafield><datafield ind1=" " ind2=" " tag="035"><subfield code="a">(TxDaGIAL)37741100016175</subfield></datafield><controlfield tag="005">20080624160449.0</controlfield><controlfield tag="001">5650</controlfield><controlfield tag="003">TxDaGIAL</controlfield><datafield ind1=" " ind2=" " tag="852"><subfield code="p">37741100016175</subfield><subfield code="a">Library</subfield><subfield code="x">COPYID:6710</subfield><subfield code="x">FSC@aRegular@c19970325</subfield><subfield code="h">497.2 L693m 1930</subfield><subfield code="z">507</subfield></datafield><datafield ind1=" " ind2=" " tag="852"><subfield code="p">37741100016176</subfield><subfield code="a">Library</subfield><subfield code="x">COPYID:6711</subfield><subfield code="x">FSC@aRegular@c19970325</subfield><subfield code="h">497.2 L693m 1930</subfield><subfield code="z">179</subfield></datafield></record>