
<record><leader>00819pam a2200265 a 4500</leader><controlfield tag="008">820406s1982    txua     b   s00010 eng  </controlfield><datafield ind1=" " ind2=" " tag="010"><subfield code="a">   82007021</subfield></datafield><datafield ind1=" " ind2=" " tag="020"><subfield code="a">0292750668</subfield></datafield><datafield ind1=" " ind2=" " tag="040"><subfield code="a">DLC</subfield><subfield code="c">DLC</subfield><subfield code="d">TxDaGIAL</subfield></datafield><datafield ind1=" " ind2=" " tag="043"><subfield code="a">n-mx---</subfield><subfield code="a">nc-----</subfield></datafield><datafield ind1="0" ind2=" " tag="050"><subfield code="a">F1435.3.P6</subfield><subfield code="b">S27 1982</subfield></datafield><datafield ind1="0" ind2=" " tag="082"><subfield code="a">497/.4</subfield><subfield code="2">19</subfield></datafield><datafield ind1="1" ind2="0" tag="100"><subfield code="a">Schele, Linda.</subfield></datafield><datafield ind1="1" ind2="0" tag="245"><subfield code="a">Maya glyphs, the verbs /</subfield><subfield code="c">by Linda Schele.</subfield></datafield><datafield ind1=" " ind2=" " tag="250"><subfield code="a">1st ed.</subfield></datafield><datafield ind1="0" ind2=" " tag="260"><subfield code="a">Austin :</subfield><subfield code="b">University of Texas Press,</subfield><subfield code="c">1982.</subfield></datafield><datafield ind1=" " ind2=" " tag="300"><subfield code="a">x, 427 p. :</subfield><subfield code="b">ill. ;</subfield><subfield code="c">29 cm.</subfield></datafield><datafield ind1=" " ind2=" " tag="504"><subfield code="a">Bibliography: p. [423]-427.</subfield></datafield><datafield ind1=" " ind2="0" tag="650"><subfield code="a">Mayan languages</subfield><subfield code="x">Writing.</subfield></datafield><datafield ind1=" " ind2="0" tag="650"><subfield code="a">Maya language</subfield><subfield code="x">Verb.</subfield></datafield><datafield ind1=" " ind2=" " tag="035"><subfield code="a">(TxDaGIAL)37741100007081</subfield></datafield><controlfield tag="005">20080624160450.0</controlfield><controlfield tag="001">5656</controlfield><controlfield tag="003">TxDaGIAL</controlfield><datafield ind1=" " ind2=" " tag="852"><subfield code="p">37741100007081</subfield><subfield code="a">Library</subfield><subfield code="x">COPYID:6717</subfield><subfield code="x">FSC@aRegular@c19950822</subfield><subfield code="h">497.415 S322m 1982</subfield><subfield code="z">10683</subfield></datafield></record>