
<record><leader>00745cam a2200217 a 4500</leader><controlfield tag="008">890801s1984    ja            0 0 0 ger c</controlfield><datafield ind1=" " ind2=" " tag="040"><subfield code="a">OTU</subfield><subfield code="b">eng</subfield></datafield><datafield ind1="1" ind2=" " tag="041"><subfield code="a">ger</subfield></datafield><datafield ind1=" " ind2="4" tag="050"><subfield code="a">PK6996M38</subfield><subfield code="b">N38 1984</subfield></datafield><datafield ind1="1" ind2="0" tag="100"><subfield code="a">Nawata, Tetsuo.</subfield></datafield><datafield ind1="1" ind2="0" tag="245"><subfield code="a">Mazandarani /</subfield><subfield code="c">Tetsuo Nawata.</subfield></datafield><datafield ind1="0" ind2=" " tag="260"><subfield code="a">Tokyo :</subfield><subfield code="b">Institute for the Study of Languages and Cultures of Asia and Africa,</subfield><subfield code="c">1984.</subfield></datafield><datafield ind1=" " ind2=" " tag="300"><subfield code="a">iii, 45 leaves :</subfield><subfield code="b">map ;</subfield><subfield code="c">19 cm.</subfield></datafield><datafield ind1=" " ind2="0" tag="440"><subfield code="a">Asian and African grammatical manual. ;</subfield><subfield code="v">no. 17m</subfield></datafield><datafield ind1=" " ind2="0" tag="650"><subfield code="a">Mazanderani language.</subfield></datafield><datafield ind1=" " ind2="0" tag="650"><subfield code="a">Persian language</subfield><subfield code="x">Dialects.</subfield></datafield><datafield ind1=" " ind2=" " tag="035"><subfield code="a">(TxDaGIAL)37741100014542</subfield></datafield><controlfield tag="005">20080624160451.0</controlfield><controlfield tag="001">5661</controlfield><controlfield tag="003">TxDaGIAL</controlfield><datafield ind1=" " ind2=" " tag="852"><subfield code="p">37741100014542</subfield><subfield code="a">Library</subfield><subfield code="x">COPYID:6726</subfield><subfield code="x">FSC@aRegular@c19970121</subfield><subfield code="h">491.5 N328m 1984</subfield><subfield code="z">11429</subfield></datafield></record>