
<record><leader>00790nam a22002055a 4500</leader><controlfield tag="008">930129s1990    xx a          000 0 eng  </controlfield><datafield ind1=" " ind2=" " tag="010"><subfield code="a">   93109346</subfield></datafield><datafield ind1=" " ind2=" " tag="020"><subfield code="a">0858833972</subfield></datafield><datafield ind1=" " ind2=" " tag="040"><subfield code="a">DLC</subfield><subfield code="c">DLC</subfield><subfield code="d">TxDaGIAL</subfield></datafield><datafield ind1="1" ind2=" " tag="100"><subfield code="a">Goulden, Rick J.</subfield></datafield><datafield ind1="1" ind2="4" tag="245"><subfield code="a">The Melanesian content in Tok Pisin /</subfield><subfield code="c">Rick J. Goulden.</subfield></datafield><datafield ind1=" " ind2=" " tag="260"><subfield code="a">Canberra, A.C.T., Australia :</subfield><subfield code="b">Dept. of Linguistics, Research School of Pacific Studies, Australian National University,</subfield><subfield code="c">1990.</subfield></datafield><datafield ind1=" " ind2=" " tag="300"><subfield code="a">xii, 194 p. :</subfield><subfield code="b">ill., maps ;</subfield><subfield code="c">25 cm.</subfield></datafield><datafield ind1=" " ind2="0" tag="440"><subfield code="a">Pacific linguistics.</subfield><subfield code="n">Series B,</subfield><subfield code="x">0078-754X ;</subfield><subfield code="v">104</subfield></datafield><datafield ind1=" " ind2="0" tag="650"><subfield code="a">Tok Pisin language.</subfield></datafield><datafield ind1=" " ind2=" " tag="035"><subfield code="a">(TxDaGIAL)37741100011255</subfield></datafield><controlfield tag="005">20080624160505.0</controlfield><controlfield tag="001">5713</controlfield><controlfield tag="003">TxDaGIAL</controlfield><datafield ind1=" " ind2=" " tag="852"><subfield code="p">37741100011255</subfield><subfield code="a">Library</subfield><subfield code="x">COPYID:6786</subfield><subfield code="x">FSC@aRegular@c19960503</subfield><subfield code="h">427.9953 G698m 1990</subfield><subfield code="z">s.o. 11-90</subfield></datafield></record>