
<record><leader>01298pam a2200301 a 4500</leader><controlfield tag="008">891116s1990    ne a     b    10010 eng  </controlfield><datafield ind1=" " ind2=" " tag="010"><subfield code="a">   89018411</subfield></datafield><datafield ind1=" " ind2=" " tag="020"><subfield code="a">9027230234 (hb. : alk. paper) :</subfield><subfield code="c">$79.00 (U.S.)</subfield></datafield><datafield ind1=" " ind2=" " tag="040"><subfield code="a">DLC</subfield><subfield code="c">DLC</subfield><subfield code="d">DLC</subfield></datafield><datafield ind1="0" ind2=" " tag="041"><subfield code="a">engcpe</subfield></datafield><datafield ind1=" " ind2=" " tag="043"><subfield code="a">pome---</subfield></datafield><datafield ind1="0" ind2="0" tag="050"><subfield code="a">PM7891.Z9</subfield><subfield code="b">N445 1989</subfield></datafield><datafield ind1="0" ind2="0" tag="082"><subfield code="a">427/.9953</subfield><subfield code="2">20</subfield></datafield><datafield ind1="2" ind2="0" tag="111"><subfield code="a">International Conference of Pidgins and Creoles in Melanesia</subfield><subfield code="n">(1st :</subfield><subfield code="d">1987 :</subfield><subfield code="c">Madang, Papua New Guinea)</subfield></datafield><datafield ind1="1" ind2="0" tag="245"><subfield code="a">Melanesian Pidgin and Tok Pisin :</subfield><subfield code="b">proceedings of the First International Conference of Pidgins and Creoles in Melanesia /</subfield><subfield code="c">edited by John W.M. Verhaar.</subfield></datafield><datafield ind1="0" ind2=" " tag="260"><subfield code="a">Amsterdam ;</subfield><subfield code="a">Philadelphia :</subfield><subfield code="b">J. Benjamins Pub. Co.,</subfield><subfield code="c">1990.</subfield></datafield><datafield ind1=" " ind2=" " tag="300"><subfield code="a">xiv, 409 p. :</subfield><subfield code="b">ill. ;</subfield><subfield code="c">23 cm.</subfield></datafield><datafield ind1=" " ind2="0" tag="440"><subfield code="a">Studies in language companion series ;</subfield><subfield code="v">v. 20</subfield></datafield><datafield ind1=" " ind2=" " tag="500"><subfield code="a">"Held in July 1987 at Divine Word Institute, Madang, Papua New Guinea"--Introd.</subfield></datafield><datafield ind1=" " ind2=" " tag="504"><subfield code="a">Includes bibliographical references.</subfield></datafield><datafield ind1=" " ind2="0" tag="650"><subfield code="a">Tok Pisin language</subfield><subfield code="v">Congresses.</subfield></datafield><datafield ind1=" " ind2="0" tag="650"><subfield code="a">Pidgin English</subfield><subfield code="z">Melanesia</subfield><subfield code="v">Congresses.</subfield></datafield><datafield ind1="1" ind2="0" tag="700"><subfield code="a">Verhaar, John W. M.</subfield></datafield><datafield ind1=" " ind2=" " tag="035"><subfield code="a">(TxDaGIAL)37741100011258</subfield></datafield><controlfield tag="005">20080624160505.0</controlfield><controlfield tag="001">5714</controlfield><controlfield tag="003">TxDaGIAL</controlfield><datafield ind1=" " ind2=" " tag="852"><subfield code="p">37741100011258</subfield><subfield code="a">Library</subfield><subfield code="9">$79.00</subfield><subfield code="x">COPYID:6787</subfield><subfield code="x">FSC@aRegular@c19960503</subfield><subfield code="h">427.9953 I61m 1989</subfield><subfield code="z">B/T 10-90</subfield></datafield></record>