
<record><leader>02210nam a22003971  4500</leader><controlfield tag="008">900517u19481950mdu           00010 engmd</controlfield><datafield ind1=" " ind2=" " tag="040"><subfield code="a">TxDaGIAL</subfield><subfield code="c">TxDaGIAL</subfield></datafield><datafield ind1="0" ind2="0" tag="245"><subfield code="a">Memoir of International Journal of American Linguistics, 1-5.</subfield></datafield><datafield ind1="0" ind2=" " tag="260"><subfield code="a">Baltimore :</subfield><subfield code="b">Waverly Press,</subfield><subfield code="c">1948-1950.</subfield></datafield><datafield ind1=" " ind2=" " tag="300"><subfield code="a">5 v. bound in 1 ;</subfield><subfield code="c">26 cm.</subfield></datafield><datafield ind1=" " ind2="0" tag="440"><subfield code="a">Indiana University publications in anthropology and linguistics</subfield><subfield code="p">Memoir ;</subfield><subfield code="v">1-5</subfield></datafield><datafield ind1=" " ind2="0" tag="440"><subfield code="a">Bollingen Foundation</subfield><subfield code="p">Special publication ;</subfield><subfield code="v">no. 1</subfield></datafield><datafield ind1="0" ind2=" " tag="505"><subfield code="a">1. Winnebago hero cycles: a study in aboriginal literature / Paul Radin -- 2. The culture of the Winnebago: as described by themselves / Paul Radin -- 3. Winnebago culture as described by themselves: the orgin myth of the medicine rite / Paul Radin -- 4. Hoof rattles and girls' puberty rites in North and South America / Harold E. Driver and S. H. Riesenberg -- 5. Negative painted pottery of Angel Mounds Site and its distribution in the New World / Hilda J. Curry.</subfield></datafield><datafield ind1=" " ind2=" " tag="500"><subfield code="a">Suppl. to International journal of American linguistics, v.14, no.3, July 1948; and v. 16, no.4, Oct. 1950.</subfield></datafield><datafield ind1=" " ind2=" " tag="504"><subfield code="a">Include bibliographical references.</subfield></datafield><datafield ind1=" " ind2=" " tag="546"><subfield code="a">English.</subfield></datafield><datafield ind1=" " ind2="0" tag="650"><subfield code="a">Winnebago Indians.</subfield></datafield><datafield ind1=" " ind2="0" tag="650"><subfield code="a">Winnebago Indians</subfield><subfield code="v">Folklore.</subfield></datafield><datafield ind1=" " ind2="0" tag="650"><subfield code="a">Winnebago language</subfield><subfield code="v">Texts.</subfield></datafield><datafield ind1=" " ind2="0" tag="650"><subfield code="a">Indians</subfield><subfield code="x">Rites and ceremonies.</subfield></datafield><datafield ind1=" " ind2="0" tag="650"><subfield code="a">Rattle (Musical instrument)</subfield></datafield><datafield ind1=" " ind2="0" tag="650"><subfield code="a">Indian pottery</subfield><subfield code="z">North America.</subfield></datafield><datafield ind1="1" ind2="0" tag="700"><subfield code="a">Radin, Paul,</subfield><subfield code="d">1883-1959.</subfield></datafield><datafield ind1="1" ind2="0" tag="700"><subfield code="a">Riesenberg, Saul H.</subfield></datafield><datafield ind1="1" ind2="0" tag="700"><subfield code="a">Curry, Hilda Jane.</subfield><subfield code="t">Negative painted pottery of Angel Mounds Site.</subfield></datafield><datafield ind1="1" ind2="0" tag="700"><subfield code="a">Driver, Harold E.</subfield><subfield code="t">Hoof rattles and girls' puberty rites in North and South America.</subfield></datafield><datafield ind1="0" ind2="1" tag="740"><subfield code="a">Aboriginal literature.</subfield></datafield><datafield ind1="0" ind2="1" tag="740"><subfield code="a">Negative painted pottery of Angel Mounds Site.</subfield></datafield><datafield ind1="0" ind2="1" tag="740"><subfield code="a">Hoof rattles and girls' puberty rites in North and South America.</subfield></datafield><datafield ind1="0" ind2="1" tag="740"><subfield code="a">Winnebago hero cycles: a study in aboriginal literature.</subfield></datafield><datafield ind1="4" ind2="1" tag="740"><subfield code="a">The culture of the Winnebago: as described by themselves.</subfield></datafield><datafield ind1=" " ind2=" " tag="035"><subfield code="a">(TxDaGIAL)37741100016020</subfield></datafield><controlfield tag="005">20080624160507.0</controlfield><controlfield tag="001">5723</controlfield><controlfield tag="003">TxDaGIAL</controlfield><datafield ind1=" " ind2=" " tag="852"><subfield code="p">37741100016020</subfield><subfield code="a">Library</subfield><subfield code="x">COPYID:6798</subfield><subfield code="x">FSC@aRegular@c19970319</subfield><subfield code="h">497.05 I61m vol.1-5 1948-50</subfield><subfield code="z">1671</subfield></datafield></record>