
<record><leader>00959nam a2200265 i 4500</leader><controlfield tag="008">960409s1990    riua          000 0 eng d</controlfield><datafield ind1=" " ind2=" " tag="010"><subfield code="a">   90220807</subfield></datafield><datafield ind1=" " ind2=" " tag="020"><subfield code="a">9067652962</subfield></datafield><datafield ind1=" " ind2=" " tag="040"><subfield code="a">DLC</subfield><subfield code="c">DLC</subfield><subfield code="d">TxDaGIAL</subfield></datafield><datafield ind1="1" ind2=" " tag="041"><subfield code="a">engfre</subfield></datafield><datafield ind1="0" ind2="0" tag="082"><subfield code="a">492.716</subfield><subfield code="2">20</subfield></datafield><datafield ind1="1" ind2=" " tag="100"><subfield code="a">Angoujard, Jean-Pierre.</subfield></datafield><datafield ind1="1" ind2="0" tag="245"><subfield code="a">Metrical structure of Arabic /</subfield><subfield code="c">Jean-Pierre Angoujard.</subfield></datafield><datafield ind1=" " ind2=" " tag="260"><subfield code="a">Dordrecht, Holland ;</subfield><subfield code="a">Providence, RI :</subfield><subfield code="b">Foris Publications,</subfield><subfield code="c">1990.</subfield></datafield><datafield ind1=" " ind2=" " tag="300"><subfield code="a">xiii, 304 p. :</subfield><subfield code="b">ill. ;</subfield><subfield code="c">25 cm.</subfield></datafield><datafield ind1=" " ind2="0" tag="440"><subfield code="a">Publications in language sciences ;</subfield><subfield code="v">35</subfield></datafield><datafield ind1=" " ind2=" " tag="504"><subfield code="a">Includes bibliographical references (p. [299]-304).</subfield></datafield><datafield ind1=" " ind2="0" tag="650"><subfield code="a">Arabic language</subfield><subfield code="x">Phonology.</subfield></datafield><datafield ind1=" " ind2="0" tag="650"><subfield code="a">Arabic language</subfield><subfield code="x">Accents and accentuation.</subfield></datafield><datafield ind1=" " ind2="0" tag="650"><subfield code="a">Arabic language</subfield><subfield code="x">Syllabication.</subfield></datafield><datafield ind1=" " ind2=" " tag="035"><subfield code="a">(TxDaGIAL)37741100010671</subfield></datafield><controlfield tag="005">20080624160519.0</controlfield><controlfield tag="001">5773</controlfield><controlfield tag="003">TxDaGIAL</controlfield><datafield ind1=" " ind2=" " tag="852"><subfield code="p">37741100010671</subfield><subfield code="a">Library</subfield><subfield code="9">$0.00</subfield><subfield code="x">COPYID:6849</subfield><subfield code="x">FSC@aRegular@c19960410</subfield><subfield code="h">492.716 A593m 1990</subfield><subfield code="z">IAB  3-96</subfield></datafield></record>