
<record><leader>01226nam a2200229 i 4500</leader><controlfield tag="008">960702s1990    io            000 0 eng d</controlfield><datafield ind1=" " ind2=" " tag="040"><subfield code="a">TxDaGIAL</subfield><subfield code="c">TxDaGIAL</subfield></datafield><datafield ind1="0" ind2="4" tag="082"><subfield code="a">499.22</subfield><subfield code="2">20</subfield></datafield><datafield ind1="0" ind2="0" tag="245"><subfield code="a">Miscellaneous studies of Indonesian and other languages in Indonesia :</subfield><subfield code="b">part X /</subfield><subfield code="c">edited by Bambang Kaswanti Purwo.</subfield></datafield><datafield ind1=" " ind2=" " tag="260"><subfield code="a">Jakarta :</subfield><subfield code="b">Badan Penyelenggara Seri NUSA, Universitas Katolik Indonesia Atma Jaya,</subfield><subfield code="c">1990.</subfield></datafield><datafield ind1=" " ind2=" " tag="300"><subfield code="a">viii, 96 p. :</subfield><subfield code="b">charts, maps ;</subfield><subfield code="c">27 cm.</subfield></datafield><datafield ind1=" " ind2="0" tag="440"><subfield code="a">NUSA, linguistic studies of Indonesian and languages in Indonesia,</subfield><subfield code="x">0126-2874 ;</subfield><subfield code="v">vol. 32</subfield></datafield><datafield ind1=" " ind2=" " tag="504"><subfield code="a">Includes bibliographical references.</subfield></datafield><datafield ind1="0" ind2=" " tag="505"><subfield code="a">Pragmatic functions of the tone morphemes of illocutionary force particles in Iau / Janet Bateman -- Iau segmental and tone phonology / Janet Bateman -- Mai Brat nominal phrases / William U. Brown -- Texts from Kumun (Kerinci) / E.O. van Reijn -- Author index Nusa volumes 30-32, 1988-1990.</subfield></datafield><datafield ind1=" " ind2="0" tag="650"><subfield code="a">Malayan languages.</subfield></datafield><datafield ind1=" " ind2="0" tag="650"><subfield code="a">Yawa language.</subfield></datafield><datafield ind1="1" ind2="0" tag="700"><subfield code="a">Purwo, Bambang Kaswanti.</subfield></datafield><datafield ind1=" " ind2=" " tag="035"><subfield code="a">(TxDaGIAL)37741100012211</subfield></datafield><controlfield tag="005">20080624160535.0</controlfield><controlfield tag="001">5842</controlfield><controlfield tag="003">TxDaGIAL</controlfield><datafield ind1=" " ind2=" " tag="852"><subfield code="p">37741100012211</subfield><subfield code="a">Library</subfield><subfield code="x">COPYID:6921</subfield><subfield code="x">FSC@aRegular@c19960703</subfield><subfield code="h">499.22 M678 pt.10 1990</subfield><subfield code="z">s.o.  8-91</subfield></datafield></record>