
<record><leader>01418nam a2200265 i 4500</leader><controlfield tag="008">960702s1987    io            000 0 eng d</controlfield><datafield ind1=" " ind2=" " tag="040"><subfield code="a">TxDaGIAL</subfield><subfield code="c">TxDaGIAL</subfield></datafield><datafield ind1="0" ind2="4" tag="082"><subfield code="a">499.22</subfield><subfield code="2">20</subfield></datafield><datafield ind1="0" ind2="0" tag="245"><subfield code="a">Miscellaneous studies of Indonesian and other languages in Indonesia :</subfield><subfield code="b">part IX /</subfield><subfield code="c">edited by Soenjono Dardjowidjojo.</subfield></datafield><datafield ind1=" " ind2=" " tag="260"><subfield code="a">Jakarta :</subfield><subfield code="b">Badan Penyelenggara Seri NUSA, Universitas Katolik Indonesia Atma Jaya,</subfield><subfield code="c">1987.</subfield></datafield><datafield ind1=" " ind2=" " tag="300"><subfield code="a">vi, 111 p. :</subfield><subfield code="b">charts, maps ;</subfield><subfield code="c">27 cm.</subfield></datafield><datafield ind1=" " ind2="0" tag="440"><subfield code="a">NUSA, linguistic studies of Indonesian and languages in Indonesia,</subfield><subfield code="x">0126-2874 ;</subfield><subfield code="v">vol. 27</subfield></datafield><datafield ind1=" " ind2=" " tag="504"><subfield code="a">Includes bibliographical references.</subfield></datafield><datafield ind1="0" ind2=" " tag="505"><subfield code="a">Conversational clitics in Uma / Martha Anne Martens -- The poor fellow and the assertive fellow; a study of two conjugated clitics in Uma / Michael P. Martens -- The Berik particle 'Ga' / Peter N. Westrum -- The languages of Kei, Tanimbar and Aru: a lexicostatistic classification / Jock Hughes.</subfield></datafield><datafield ind1=" " ind2="0" tag="650"><subfield code="a">Malayan languages.</subfield></datafield><datafield ind1=" " ind2="0" tag="650"><subfield code="a">Berik language.</subfield></datafield><datafield ind1=" " ind2="0" tag="651"><subfield code="a">Indonesia</subfield><subfield code="x">Languages.</subfield></datafield><datafield ind1=" " ind2="0" tag="650"><subfield code="a">Uma language.</subfield></datafield><datafield ind1="1" ind2="0" tag="700"><subfield code="a">Dardjowidjojo, Soenjono,</subfield><subfield code="d">1938-</subfield></datafield><datafield ind1=" " ind2=" " tag="035"><subfield code="a">(TxDaGIAL)37741100012209</subfield></datafield><controlfield tag="005">20080624160535.0</controlfield><controlfield tag="001">5843</controlfield><controlfield tag="003">TxDaGIAL</controlfield><datafield ind1=" " ind2=" " tag="852"><subfield code="p">37741100012209</subfield><subfield code="a">Library</subfield><subfield code="x">COPYID:6922</subfield><subfield code="x">FSC@aRegular@c19960703</subfield><subfield code="h">499.22 M678 pt.9 1987</subfield><subfield code="z">s.o. 12-88</subfield></datafield><datafield ind1=" " ind2=" " tag="852"><subfield code="p">37741100012210</subfield><subfield code="a">Library</subfield><subfield code="x">COPYID:6923</subfield><subfield code="x">FSC@aRegular@c19960703</subfield><subfield code="h">499.22 M678 pt.9 1987</subfield><subfield code="z">s.o. 12-88</subfield></datafield></record>