
<record><leader>01402nam a2200253   4500</leader><controlfield tag="008">960702s1983    io            000 0 eng d</controlfield><datafield ind1=" " ind2=" " tag="040"><subfield code="a">TxDaGIAL</subfield><subfield code="c">TxDaGIAL</subfield></datafield><datafield ind1="0" ind2="4" tag="082"><subfield code="a">499.22</subfield><subfield code="2">20</subfield></datafield><datafield ind1="0" ind2="0" tag="245"><subfield code="a">Miscellaneous studies of Indonesian and other languages in Indonesia :</subfield><subfield code="b">part VII /</subfield><subfield code="c">edited by Soenjono Dardjowidjojo and John W.M. Verhaar.</subfield></datafield><datafield ind1=" " ind2=" " tag="260"><subfield code="a">Jakarta :</subfield><subfield code="b">Badan Penyelenggara Seri NUSA, Universitas Katolik Indonesia Atma Jaya,</subfield><subfield code="c">1983.</subfield></datafield><datafield ind1=" " ind2=" " tag="300"><subfield code="a">vii, 80 p. :</subfield><subfield code="b">ill, charts, map ;</subfield><subfield code="c">27 cm.</subfield></datafield><datafield ind1=" " ind2="0" tag="440"><subfield code="a">NUSA, linguistic studies of Indonesian and languages in Indonesia,</subfield><subfield code="x">0126-2874 ;</subfield><subfield code="v">vol. 15</subfield></datafield><datafield ind1=" " ind2=" " tag="504"><subfield code="a">Includes bibliographical references.</subfield></datafield><datafield ind1="0" ind2=" " tag="505"><subfield code="a">The meaning of variation in Indonesian / Edmund A. Anderson -- A classifier, itu, -nya, or none of the above : the way the Indonesian mind operates / Soenjono Dardjowidjojo -- Cohesion in Wandamen narrative / Rachel Flaming -- Rembong and Wangka / Joan M. Rosen -- A phonetic analysis of the Indonesian vowel system / Ellen van Zanten and Vincent J. van Heuven.</subfield></datafield><datafield ind1=" " ind2="0" tag="650"><subfield code="a">Malayan languages.</subfield></datafield><datafield ind1=" " ind2="0" tag="650"><subfield code="a">Wandamen language.</subfield></datafield><datafield ind1=" " ind2="0" tag="651"><subfield code="a">Indonesia</subfield><subfield code="x">Languages.</subfield></datafield><datafield ind1="1" ind2="0" tag="700"><subfield code="a">Dardjowidjojo, Soenjono,</subfield><subfield code="d">1938-</subfield></datafield><datafield ind1="1" ind2="0" tag="700"><subfield code="a">Verhaar, John W. M.</subfield></datafield><datafield ind1=" " ind2=" " tag="035"><subfield code="a">(TxDaGIAL)37741100012207</subfield></datafield><controlfield tag="005">20080624160536.0</controlfield><controlfield tag="001">5845</controlfield><controlfield tag="003">TxDaGIAL</controlfield><datafield ind1=" " ind2=" " tag="852"><subfield code="p">37741100012207</subfield><subfield code="a">Library</subfield><subfield code="x">COPYID:6925</subfield><subfield code="x">FSC@aRegular@c19960703</subfield><subfield code="h">499.22 M678 pt.7 1983</subfield><subfield code="z">s.o.</subfield></datafield></record>