
<record><leader>01354nam a2200253   4500</leader><controlfield tag="008">960702s1977    io            000 0 eng d</controlfield><datafield ind1=" " ind2=" " tag="040"><subfield code="a">TxDaGIAL</subfield><subfield code="c">TxDaGIAL</subfield></datafield><datafield ind1="0" ind2="4" tag="082"><subfield code="a">499.22</subfield><subfield code="2">20</subfield></datafield><datafield ind1="0" ind2="0" tag="245"><subfield code="a">Miscellaneous studies of Indonesian and other languages in Indonesia :</subfield><subfield code="b">part III /</subfield><subfield code="c">edited by Soepomo Poedjosoedarmo.</subfield></datafield><datafield ind1=" " ind2=" " tag="260"><subfield code="a">Jakarta :</subfield><subfield code="b">Badan Penyelenggara Seri NUSA, Universitas Katolik Indonesia Atma Jaya,</subfield><subfield code="c">1977.</subfield></datafield><datafield ind1=" " ind2=" " tag="300"><subfield code="a">vi, 59 p. :</subfield><subfield code="b">charts, maps ;</subfield><subfield code="c">27 cm.</subfield></datafield><datafield ind1=" " ind2="0" tag="440"><subfield code="a">NUSA, linguistic studies of Indonesian and languages in Indonesia,</subfield><subfield code="x">0126-2874 ;</subfield><subfield code="v">vol. 4</subfield></datafield><datafield ind1=" " ind2=" " tag="504"><subfield code="a">Includes bibliographical references.</subfield></datafield><datafield ind1="0" ind2=" " tag="505"><subfield code="a">Reduplication and negation in Indonesian / Joan M. Rosen -- Some observations on the typology of focus and aspect in narrative language / Paul M. Hopper -- Austronesian culture history / Robert Blust -- 'Going' and 'coming' in the Blagar of Dolap (Pura - Alor- Indonesia) / H. Steinhauer -- On the Ngaju Dayak sound system / T.W.J. Mihing and W.A.L. Stokhof.</subfield></datafield><datafield ind1=" " ind2="0" tag="650"><subfield code="a">Malayan languages.</subfield></datafield><datafield ind1=" " ind2="0" tag="650"><subfield code="a">Blagar language.</subfield></datafield><datafield ind1=" " ind2="0" tag="651"><subfield code="a">Indonesia</subfield><subfield code="x">Languages.</subfield></datafield><datafield ind1=" " ind2="0" tag="650"><subfield code="a">Indonesian language.</subfield></datafield><datafield ind1=" " ind2="0" tag="650"><subfield code="a">Dayak language.</subfield></datafield><datafield ind1=" " ind2=" " tag="035"><subfield code="a">(TxDaGIAL)37741100012202</subfield></datafield><controlfield tag="005">20080624160536.0</controlfield><controlfield tag="001">5849</controlfield><controlfield tag="003">TxDaGIAL</controlfield><datafield ind1=" " ind2=" " tag="852"><subfield code="p">37741100012202</subfield><subfield code="a">Library</subfield><subfield code="x">COPYID:6930</subfield><subfield code="x">FSC@aRegular@c19960703</subfield><subfield code="h">499.22 M678 pt.3 1977</subfield><subfield code="z">s.o.</subfield></datafield></record>