
<record><leader>01528cam a2200313 i 4500</leader><controlfield tag="008">800213s1979    txu           000 0 eng  </controlfield><datafield ind1=" " ind2=" " tag="010"><subfield code="a">   78056488 //r942</subfield></datafield><datafield ind1=" " ind2=" " tag="020"><subfield code="a">0883120720</subfield></datafield><datafield ind1=" " ind2=" " tag="040"><subfield code="a">DLC</subfield><subfield code="c">DLC</subfield><subfield code="d">DLC</subfield></datafield><datafield ind1="0" ind2="0" tag="050"><subfield code="a">PM4479</subfield><subfield code="b">.S85 vol. 2</subfield><subfield code="a">PM4063</subfield></datafield><datafield ind1="0" ind2="0" tag="082"><subfield code="a">497/.4 s</subfield><subfield code="a">497/.4</subfield></datafield><datafield ind1="0" ind2="0" tag="245"><subfield code="a">Modern Aztec grammatical sketches /</subfield><subfield code="c">[edited by] Ronald W. Langacker.</subfield></datafield><datafield ind1="0" ind2=" " tag="260"><subfield code="a">Dallas :</subfield><subfield code="b">Summer Institute of Linguistics,</subfield><subfield code="c">1979.</subfield></datafield><datafield ind1=" " ind2=" " tag="300"><subfield code="a">x, 380 p. ;</subfield><subfield code="c">23 cm.</subfield></datafield><datafield ind1=" " ind2="0" tag="440"><subfield code="a">Studies in Uto-Aztecan grammar ;</subfield><subfield code="v">v. 2</subfield></datafield><datafield ind1="1" ind2=" " tag="490"><subfield code="a">Summer Institute of Linguistics publications in linguistics ; publication no. 56, v. 2</subfield></datafield><datafield ind1=" " ind2=" " tag="500"><subfield code="a">"A publication of the Summer Institute of Linguistics and the University of Texas at Arlington."</subfield></datafield><datafield ind1=" " ind2=" " tag="500"><subfield code="a">An outgrowth of an Uto-Aztecan workshop sponsored by the Summer Institute of Linguistics and held in Ixmiquilpan, Hidalgo, Mexico, Jan.-Apr. 1976.</subfield></datafield><datafield ind1=" " ind2="0" tag="650"><subfield code="a">Nahuatl language</subfield><subfield code="x">Grammar.</subfield></datafield><datafield ind1=" " ind2="0" tag="650"><subfield code="a">Nahuatl language</subfield><subfield code="x">Dialects.</subfield></datafield><datafield ind1="1" ind2="0" tag="700"><subfield code="a">Langacker, Ronald W.</subfield></datafield><datafield ind1=" " ind2="0" tag="830"><subfield code="a">Summer Institute of Linguistics publications in linguistics ;</subfield><subfield code="v">publication no. 56, v. 2.</subfield></datafield><datafield ind1=" " ind2=" " tag="035"><subfield code="a">(TxDaGIAL)37741100007087</subfield></datafield><controlfield tag="005">20080624160554.0</controlfield><controlfield tag="001">5922</controlfield><controlfield tag="003">TxDaGIAL</controlfield><datafield ind1=" " ind2=" " tag="852"><subfield code="p">37741100007087</subfield><subfield code="a">Library</subfield><subfield code="x">COPYID:7015</subfield><subfield code="x">FSC@aRegular@c19950822</subfield><subfield code="h">497.45 S933 vol.2 1979</subfield><subfield code="z">5623</subfield></datafield><datafield ind1=" " ind2=" " tag="852"><subfield code="p">37741100007088</subfield><subfield code="a">Library</subfield><subfield code="x">COPYID:7016</subfield><subfield code="x">FSC@aRegular@c19950822</subfield><subfield code="h">497.45 S933 vol.2 1979</subfield><subfield code="z">5624</subfield></datafield><datafield ind1=" " ind2=" " tag="852"><subfield code="p">37741100007089</subfield><subfield code="a">Library</subfield><subfield code="x">COPYID:7017</subfield><subfield code="x">FSC@aRegular@c19950822</subfield><subfield code="h">497.45 S933 vol.2 1979</subfield><subfield code="z">5625</subfield></datafield></record>