
<record><leader>00942cam a2200265 i 4500</leader><controlfield tag="008">760910r1974    enk           00010 eng  </controlfield><datafield ind1=" " ind2=" " tag="010"><subfield code="a">   76367036 //r932</subfield></datafield><datafield ind1=" " ind2=" " tag="015"><subfield code="a">GB75-03441</subfield></datafield><datafield ind1=" " ind2=" " tag="020"><subfield code="a">0340058064 :</subfield><subfield code="c">&#163;0.65</subfield></datafield><datafield ind1=" " ind2=" " tag="040"><subfield code="a">DLC</subfield><subfield code="c">DLC</subfield><subfield code="d">DLC</subfield></datafield><datafield ind1="0" ind2="0" tag="050"><subfield code="a">PA1058</subfield><subfield code="b">.S58 1974</subfield></datafield><datafield ind1="0" ind2="0" tag="082"><subfield code="a">489/.3/82421</subfield></datafield><datafield ind1="1" ind2="0" tag="100"><subfield code="a">Sofroniou, S. A.</subfield><subfield code="q">(Sofronios Agathocli)</subfield></datafield><datafield ind1="1" ind2="0" tag="240"><subfield code="a">Teach yourself modern Greek.</subfield></datafield><datafield ind1="1" ind2="0" tag="245"><subfield code="a">Modern Greek /</subfield><subfield code="c">S. A. Sofroniou ; with a phonetic introduction by J. T. Pring.</subfield></datafield><datafield ind1="0" ind2=" " tag="260"><subfield code="a">London :</subfield><subfield code="b">Hodder and Stoughton,</subfield><subfield code="c">1974.</subfield></datafield><datafield ind1=" " ind2=" " tag="300"><subfield code="a">230 p. ;</subfield><subfield code="c">18 cm.</subfield></datafield><datafield ind1=" " ind2="0" tag="440"><subfield code="a">Teach yourself books</subfield></datafield><datafield ind1=" " ind2=" " tag="500"><subfield code="a">Originally published under title: Teach yourself modern Greek.</subfield></datafield><datafield ind1=" " ind2="0" tag="650"><subfield code="a">Greek language, Modern</subfield><subfield code="x">Grammar.</subfield></datafield><datafield ind1=" " ind2=" " tag="035"><subfield code="a">(TxDaGIAL)37741100004012</subfield></datafield><controlfield tag="005">20080624160555.0</controlfield><controlfield tag="001">5930</controlfield><controlfield tag="003">TxDaGIAL</controlfield><datafield ind1=" " ind2=" " tag="852"><subfield code="p">37741100004012</subfield><subfield code="a">Library</subfield><subfield code="9">$0.00</subfield><subfield code="x">COPYID:7028</subfield><subfield code="x">FSC@aRegular@c19950508</subfield><subfield code="h">489.382421 S681m 1962</subfield><subfield code="z">13251</subfield></datafield></record>