
<record><leader>00947cam a2200265 a 4500</leader><controlfield tag="008">900112s1990    caua     b    00100 eng  </controlfield><datafield ind1=" " ind2=" " tag="010"><subfield code="a">   90000045</subfield></datafield><datafield ind1=" " ind2=" " tag="020"><subfield code="a">012613524X (hardcover: alk. paper)</subfield></datafield><datafield ind1=" " ind2=" " tag="020"><subfield code="a">012606105X (pbk. : alk. paper)</subfield></datafield><datafield ind1=" " ind2=" " tag="040"><subfield code="a">DLC</subfield><subfield code="c">DLC</subfield><subfield code="d">DLC</subfield></datafield><datafield ind1="0" ind2="0" tag="050"><subfield code="a">P1</subfield><subfield code="b">.S9 vol. 24</subfield><subfield code="a">PD2423</subfield></datafield><datafield ind1="0" ind2="0" tag="082"><subfield code="a">415 s</subfield><subfield code="a">439/.695</subfield><subfield code="2">20</subfield></datafield><datafield ind1="0" ind2="0" tag="245"><subfield code="a">Modern Icelandic syntax /</subfield><subfield code="c">edited by Joan Maling and Annie Zaenen.</subfield></datafield><datafield ind1="0" ind2=" " tag="260"><subfield code="a">San Diego :</subfield><subfield code="b">Academic Press,</subfield><subfield code="c">c1990.</subfield></datafield><datafield ind1=" " ind2=" " tag="300"><subfield code="a">xviii, 443 p. :</subfield><subfield code="b">ill. ;</subfield><subfield code="c">24 cm.</subfield></datafield><datafield ind1=" " ind2="0" tag="440"><subfield code="a">Syntax and semantics ;</subfield><subfield code="v">v. 24</subfield></datafield><datafield ind1=" " ind2=" " tag="504"><subfield code="a">Includes bibliographical references and index.</subfield></datafield><datafield ind1=" " ind2="0" tag="650"><subfield code="a">Icelandic language</subfield><subfield code="x">Syntax.</subfield></datafield><datafield ind1="1" ind2="0" tag="700"><subfield code="a">Maling, Joan.</subfield></datafield><datafield ind1="1" ind2="0" tag="700"><subfield code="a">Zaenen, Annie E.</subfield><subfield code="q">(Annie Else),</subfield><subfield code="d">1941-</subfield></datafield><datafield ind1=" " ind2=" " tag="035"><subfield code="a">(TxDaGIAL)37741100008716</subfield></datafield><controlfield tag="005">20080624160556.0</controlfield><controlfield tag="001">5932</controlfield><controlfield tag="003">TxDaGIAL</controlfield><datafield ind1=" " ind2=" " tag="852"><subfield code="p">37741100008716</subfield><subfield code="a">Library</subfield><subfield code="x">COPYID:7030</subfield><subfield code="x">FSC@aRegular@c19951013</subfield><subfield code="h">415 S955s vol.24 1990</subfield><subfield code="z">s.o.</subfield></datafield></record>