
<record><leader>01009cam a2200265 i 4500</leader><controlfield tag="008">700113s1967    mau           00010 eng  </controlfield><datafield ind1=" " ind2=" " tag="010"><subfield code="a">   67022864</subfield></datafield><datafield ind1=" " ind2=" " tag="040"><subfield code="a">DLC</subfield><subfield code="c">DLC</subfield><subfield code="d">TxDaGIAL</subfield></datafield><datafield ind1="0" ind2=" " tag="050"><subfield code="a">PL537</subfield><subfield code="b">.H5 1967</subfield></datafield><datafield ind1=" " ind2=" " tag="082"><subfield code="a">495.6/86/42</subfield></datafield><datafield ind1="1" ind2="0" tag="100"><subfield code="a">Hibbett, Howard.</subfield></datafield><datafield ind1="1" ind2="0" tag="245"><subfield code="a">Modern Japanese :</subfield><subfield code="b">a basic reader /</subfield><subfield code="c">[by] Howard Hibbett and Gen Itasaka.</subfield></datafield><datafield ind1=" " ind2=" " tag="250"><subfield code="a">2d ed.</subfield></datafield><datafield ind1="0" ind2=" " tag="260"><subfield code="a">Cambridge, Mass. :</subfield><subfield code="b">Harvard University Press,</subfield><subfield code="c">1967.</subfield></datafield><datafield ind1=" " ind2=" " tag="300"><subfield code="a">2 v. ;</subfield><subfield code="c">24 cm.</subfield></datafield><datafield ind1="0" ind2=" " tag="505"><subfield code="a">v. 1. Vocabularies and notes.--v. 2. Japanese texts.</subfield></datafield><datafield ind1=" " ind2="0" tag="650"><subfield code="a">Japanese language</subfield><subfield code="v">Readers.</subfield></datafield><datafield ind1=" " ind2="0" tag="650"><subfield code="a">Japanese language</subfield><subfield code="v">Glossaries, vocabularies, etc.</subfield></datafield><datafield ind1="1" ind2="0" tag="700"><subfield code="a">Itasaka, Gen,</subfield><subfield code="d">1922-</subfield><subfield code="e">joint author.</subfield></datafield><datafield ind1=" " ind2=" " tag="035"><subfield code="a">(TxDaGIAL)37741100009338</subfield></datafield><controlfield tag="005">20080624160556.0</controlfield><controlfield tag="001">5935</controlfield><controlfield tag="003">TxDaGIAL</controlfield><datafield ind1=" " ind2=" " tag="852"><subfield code="p">37741100009338</subfield><subfield code="a">Library</subfield><subfield code="x">COPYID:7033</subfield><subfield code="x">FSC@aRegular@c19951108</subfield><subfield code="h">495.68642 H624m vol.1 1967</subfield><subfield code="z">6159</subfield></datafield><datafield ind1=" " ind2=" " tag="852"><subfield code="p">37741100009339</subfield><subfield code="a">Library</subfield><subfield code="x">COPYID:7034</subfield><subfield code="x">FSC@aRegular@c19951108</subfield><subfield code="h">495.68642 H624m vol.2 1967</subfield><subfield code="z">6160</subfield></datafield></record>