
<record><leader>01357nam a2200325 a 4500</leader><controlfield tag="008">891026s1987    txua     b    00010 eng  </controlfield><datafield ind1=" " ind2=" " tag="010"><subfield code="a">   87062710</subfield></datafield><datafield ind1=" " ind2=" " tag="020"><subfield code="a">0883120070 (pbk.)</subfield></datafield><datafield ind1=" " ind2=" " tag="040"><subfield code="a">DLC</subfield><subfield code="c">DLC</subfield><subfield code="d">TxDaGIAL</subfield></datafield><datafield ind1="0" ind2=" " tag="041"><subfield code="a">engnic</subfield></datafield><datafield ind1="0" ind2=" " tag="050"><subfield code="a">PL8024.1.A58</subfield><subfield code="b">A24 1987</subfield></datafield><datafield ind1="0" ind2=" " tag="082"><subfield code="a">496/.36</subfield><subfield code="2">20</subfield></datafield><datafield ind1="1" ind2="0" tag="100"><subfield code="a">Abangma, Samson Negbo.</subfield></datafield><datafield ind1="1" ind2="0" tag="245"><subfield code="a">Modes in D&#233;ny&#225; discourse /</subfield><subfield code="c">Samson Negbo Abangma.</subfield></datafield><datafield ind1="0" ind2=" " tag="260"><subfield code="a">Dallas, TX :</subfield><subfield code="b">Summer Institute of Linguistics ;</subfield><subfield code="a">[Arlington] :</subfield><subfield code="b">University of Texas at Arlington,</subfield><subfield code="c">1987.</subfield></datafield><datafield ind1=" " ind2=" " tag="300"><subfield code="a">xii, 123 p. :</subfield><subfield code="b">ill. ;</subfield><subfield code="c">23 cm.</subfield></datafield><datafield ind1=" " ind2="0" tag="440"><subfield code="a">Summer Institute of Linguistics publications in linguistics ;</subfield><subfield code="v">no. 79</subfield></datafield><datafield ind1=" " ind2=" " tag="500"><subfield code="a">Based on the author's thesis (doctoral)--University of Yaound&#233;, 1981.</subfield></datafield><datafield ind1=" " ind2=" " tag="500"><subfield code="a">English and Anyang.</subfield></datafield><datafield ind1=" " ind2=" " tag="504"><subfield code="a">Bibliography: p. 118-123.</subfield></datafield><datafield ind1=" " ind2="0" tag="650"><subfield code="a">Anyang language</subfield><subfield code="x">Verb.</subfield></datafield><datafield ind1=" " ind2="0" tag="650"><subfield code="a">Anyang language</subfield><subfield code="x">Rhetoric.</subfield></datafield><datafield ind1=" " ind2="0" tag="650"><subfield code="a">Anyang language</subfield><subfield code="x">Modality.</subfield></datafield><datafield ind1=" " ind2=" " tag="035"><subfield code="a">(TxDaGIAL)37741100006904</subfield></datafield><controlfield tag="005">20080624160600.0</controlfield><controlfield tag="001">5951</controlfield><controlfield tag="003">TxDaGIAL</controlfield><datafield ind1=" " ind2=" " tag="852"><subfield code="p">37741100006904</subfield><subfield code="a">Library</subfield><subfield code="x">COPYID:7054</subfield><subfield code="x">FSC@aRegular@c19950816</subfield><subfield code="h">496.396 A117m 1987</subfield><subfield code="z">Bkstore 9-88</subfield></datafield><datafield ind1=" " ind2=" " tag="852"><subfield code="p">37741100006905</subfield><subfield code="a">Library</subfield><subfield code="x">COPYID:7055</subfield><subfield code="x">FSC@aRegular@c19950816</subfield><subfield code="h">496.396 A117m 1987</subfield><subfield code="z">Bkstore 9-88</subfield></datafield><datafield ind1=" " ind2=" " tag="852"><subfield code="p">37741100006906</subfield><subfield code="a">Library</subfield><subfield code="x">COPYID:7056</subfield><subfield code="x">FSC@aRegular@c19950816</subfield><subfield code="h">496.396 A117m 1987</subfield><subfield code="z">Bkstore 9-88</subfield></datafield></record>