
<record><leader>01036cam a2200277Ia 4500</leader><controlfield tag="008">930803s1992    cau      bd   001 0 eng d</controlfield><datafield ind1=" " ind2=" " tag="035"><subfield code="a">(CU-UC)8500862</subfield></datafield><datafield ind1=" " ind2=" " tag="040"><subfield code="a">COD</subfield><subfield code="c">COD</subfield><subfield code="d">CUS</subfield></datafield><datafield ind1="0" ind2=" " tag="041"><subfield code="a">engnai</subfield></datafield><datafield ind1="1" ind2=" " tag="100"><subfield code="a">Munro, Pamela.</subfield></datafield><datafield ind1="1" ind2="2" tag="245"><subfield code="a">A Mojave dictionary /</subfield><subfield code="c">Pamela Munro, Nellie Brown, Judith G. Crawford.</subfield></datafield><datafield ind1=" " ind2=" " tag="260"><subfield code="a">[Los Angeles] :</subfield><subfield code="b">Dept. of Linguistics, University of Calif., Los Angeles,</subfield><subfield code="c">1992.</subfield></datafield><datafield ind1=" " ind2=" " tag="300"><subfield code="a">320 p. ;</subfield><subfield code="c">28 cm.</subfield></datafield><datafield ind1=" " ind2="0" tag="440"><subfield code="a">UCLA occasional papers in linguistics ;</subfield><subfield code="v">no. 10.</subfield></datafield><datafield ind1=" " ind2=" " tag="500"><subfield code="a">Mojave (Hamakhav)-English dictionary with English-Mojave index.</subfield></datafield><datafield ind1=" " ind2=" " tag="504"><subfield code="a">Includes bibliographical references (p. 319-320).</subfield></datafield><datafield ind1=" " ind2=" " tag="546"><subfield code="a">English.</subfield></datafield><datafield ind1=" " ind2="0" tag="650"><subfield code="a">Mohave language</subfield><subfield code="v">Dictionaries</subfield><subfield code="x">English.</subfield></datafield><datafield ind1=" " ind2="0" tag="650"><subfield code="a">English language</subfield><subfield code="v">Dictionaries</subfield><subfield code="x">Mohave.</subfield></datafield><datafield ind1="1" ind2="0" tag="700"><subfield code="a">Brown, Nellie.</subfield></datafield><datafield ind1="1" ind2="0" tag="700"><subfield code="a">Crawford, Judith G.</subfield></datafield><datafield ind1=" " ind2=" " tag="035"><subfield code="a">(TxDaGIAL)37741100016255</subfield></datafield><controlfield tag="005">20080624160601.0</controlfield><controlfield tag="001">5953</controlfield><controlfield tag="003">TxDaGIAL</controlfield><datafield ind1=" " ind2=" " tag="852"><subfield code="p">37741100016255</subfield><subfield code="a">Library</subfield><subfield code="x">COPYID:7058</subfield><subfield code="x">FSC@aRegular@c19970328</subfield><subfield code="h">497.57 M968m 1992</subfield><subfield code="z">4-93</subfield></datafield></record>