
<record><leader>00803nam a2200253   4500</leader><controlfield tag="008">700828s1970    dcu      b    00000 eng  </controlfield><datafield ind1=" " ind2=" " tag="010"><subfield code="a">   72125673</subfield></datafield><datafield ind1=" " ind2=" " tag="020"><subfield code="a">0872810038</subfield></datafield><datafield ind1=" " ind2=" " tag="040"><subfield code="a">DLC</subfield><subfield code="c">DLC</subfield><subfield code="d">TxDaGIAL</subfield></datafield><datafield ind1="0" ind2=" " tag="041"><subfield code="a">engmon</subfield></datafield><datafield ind1="0" ind2=" " tag="050"><subfield code="a">PL401</subfield><subfield code="b">.P6</subfield></datafield><datafield ind1=" " ind2=" " tag="082"><subfield code="a">494/.2</subfield></datafield><datafield ind1="1" ind2="0" tag="100"><subfield code="a">Poppe, Nicholas,</subfield><subfield code="d">1928-</subfield></datafield><datafield ind1="1" ind2="0" tag="245"><subfield code="a">Mongolian language handbook /</subfield><subfield code="c">Nicholas Poppe.</subfield></datafield><datafield ind1="0" ind2=" " tag="260"><subfield code="a">[Washington] :</subfield><subfield code="b">Center for Applied Linguistics,</subfield><subfield code="c">1970.</subfield></datafield><datafield ind1=" " ind2=" " tag="300"><subfield code="a">xv, 175 p. :</subfield><subfield code="b">fold. map. ;</subfield><subfield code="c">23 cm.</subfield></datafield><datafield ind1=" " ind2="0" tag="440"><subfield code="a">Language handbook series ;</subfield><subfield code="v">no. 4</subfield></datafield><datafield ind1=" " ind2=" " tag="504"><subfield code="a">Includes bibliographies.</subfield></datafield><datafield ind1=" " ind2="0" tag="650"><subfield code="a">Mongolian language.</subfield></datafield><datafield ind1=" " ind2=" " tag="035"><subfield code="a">(TxDaGIAL)37741100007608</subfield></datafield><controlfield tag="005">20080624160601.0</controlfield><controlfield tag="001">5956</controlfield><controlfield tag="003">TxDaGIAL</controlfield><datafield ind1=" " ind2=" " tag="852"><subfield code="p">37741100007608</subfield><subfield code="a">Library</subfield><subfield code="x">COPYID:7061</subfield><subfield code="x">FSC@aRegular@c19950906</subfield><subfield code="h">494.2 P831m 1970</subfield><subfield code="z">6338</subfield></datafield></record>