
<record><leader>00898cam a2200241Ii 4500</leader><controlfield tag="008">741121s1966    dcu      b    00010 spa  </controlfield><datafield ind1=" " ind2=" " tag="010"><subfield code="a">   66024008</subfield></datafield><datafield ind1=" " ind2=" " tag="035"><subfield code="a">(CU-UC)dlaisn2462010</subfield></datafield><datafield ind1=" " ind2=" " tag="040"><subfield code="a">DLC</subfield><subfield code="c">BUF</subfield><subfield code="d">OCL</subfield><subfield code="d">m/c</subfield></datafield><datafield ind1="0" ind2=" " tag="050"><subfield code="a">PC4241</subfield><subfield code="b">.S6</subfield></datafield><datafield ind1="1" ind2="0" tag="100"><subfield code="a">Sol&#233;, Carlos A.</subfield></datafield><datafield ind1="1" ind2="0" tag="245"><subfield code="a">Morfolog&#237;a del adjetivo con-&#225;l, -&#233;ro, -ico, -&#243;so /</subfield><subfield code="c">[por] Carlos A. Sol&#233;.</subfield></datafield><datafield ind1="0" ind2=" " tag="260"><subfield code="a">Washington :</subfield><subfield code="b">Georgetown University Press,</subfield><subfield code="c">[1966]</subfield></datafield><datafield ind1=" " ind2=" " tag="300"><subfield code="a">vi, 135 p. ;</subfield><subfield code="c">23 cm.</subfield></datafield><datafield ind1=" " ind2=" " tag="500"><subfield code="a">&quot;Originalmente una tesis doctoral presentada en el Instituto de Lenguas y Ling&#252;&#237;stica de la Universidad de Georgetown.&quot;</subfield></datafield><datafield ind1=" " ind2=" " tag="504"><subfield code="a">Bibliography: p. [133]-135.</subfield></datafield><datafield ind1=" " ind2=" " tag="546"><subfield code="a">Spanish.</subfield></datafield><datafield ind1=" " ind2="0" tag="650"><subfield code="a">Spanish language</subfield><subfield code="x">Adjective.</subfield></datafield><datafield ind1=" " ind2=" " tag="035"><subfield code="a">(TxDaGIAL)37741100014283</subfield></datafield><controlfield tag="005">20080624160604.0</controlfield><controlfield tag="001">5970</controlfield><controlfield tag="003">TxDaGIAL</controlfield><datafield ind1=" " ind2=" " tag="852"><subfield code="p">37741100014283</subfield><subfield code="a">Library</subfield><subfield code="x">COPYID:7081</subfield><subfield code="x">FSC@aRegular@c19961217</subfield><subfield code="h">465 S685m 1966</subfield><subfield code="z">3178</subfield></datafield></record>