
<record><leader>00864nam a2200253 i 4500</leader><controlfield tag="008">691016s1961    txud     b    00010 eng d</controlfield><datafield ind1=" " ind2=" " tag="040"><subfield code="a">TxDaGIAL</subfield><subfield code="c">TxDaGIAL</subfield></datafield><datafield ind1="0" ind2=" " tag="041"><subfield code="a">engara</subfield></datafield><datafield ind1="0" ind2="4" tag="050"><subfield code="a">PJ6782</subfield><subfield code="b">.A2 1961</subfield></datafield><datafield ind1=" " ind2=" " tag="082"><subfield code="a">492.7/7</subfield></datafield><datafield ind1="1" ind2="0" tag="100"><subfield code="a">Aboul-Fetouh, Hilmi M.</subfield></datafield><datafield ind1="1" ind2="2" tag="245"><subfield code="a">A morphological study of Egyptian Colloquial Arabic. /</subfield><subfield code="c">by Hilmi M. Aboul-Fetouh.</subfield></datafield><datafield ind1=" " ind2=" " tag="260"><subfield code="c">1961.</subfield></datafield><datafield ind1=" " ind2=" " tag="300"><subfield code="a">vi, [iv], 179 p. ;</subfield><subfield code="c">28 cm.</subfield></datafield><datafield ind1=" " ind2=" " tag="500"><subfield code="a">Published in: Janua linguarum. Series practica, 33, 1969.</subfield></datafield><datafield ind1=" " ind2=" " tag="504"><subfield code="a">Bibliography: p. 178-179.</subfield></datafield><datafield ind1=" " ind2=" " tag="502"><subfield code="a">Thesis (Ph.D.)--University of Texas, Austin, 1961.</subfield></datafield><datafield ind1=" " ind2=" " tag="546"><subfield code="a">English.</subfield></datafield><datafield ind1=" " ind2="0" tag="650"><subfield code="a">Arabic language</subfield><subfield code="x">Dialects</subfield><subfield code="z">Egypt.</subfield></datafield><datafield ind1=" " ind2=" " tag="035"><subfield code="a">(TxDaGIAL)37741100018544</subfield></datafield><controlfield tag="005">20080624160606.0</controlfield><controlfield tag="001">5977</controlfield><controlfield tag="003">TxDaGIAL</controlfield><datafield ind1=" " ind2=" " tag="852"><subfield code="p">37741100018544</subfield><subfield code="a">Library</subfield><subfield code="x">COPYID:7089</subfield><subfield code="x">FSC@aRegular@c19970523</subfield><subfield code="h">492.77 A155m 1961</subfield><subfield code="z">2164</subfield></datafield></record>