
<record><leader>00857nam a2200241 a 4500</leader><controlfield tag="008">920824s1966    xx       b    000 0 eng d</controlfield><datafield ind1=" " ind2=" " tag="035"><subfield code="a">(CU-UC)7916224</subfield></datafield><datafield ind1=" " ind2=" " tag="040"><subfield code="a">CU-SB</subfield><subfield code="c">CU-SB</subfield><subfield code="d">TxDaGIAL</subfield></datafield><datafield ind1="1" ind2=" " tag="100"><subfield code="a">Story, Gillian L.</subfield></datafield><datafield ind1="1" ind2="2" tag="245"><subfield code="a">A morphological study of Tlingit /</subfield><subfield code="c">by Gillian Lorraine Story.</subfield></datafield><datafield ind1=" " ind2=" " tag="260"><subfield code="c">1966.</subfield></datafield><datafield ind1=" " ind2=" " tag="300"><subfield code="a">286 leaves.</subfield></datafield><datafield ind1=" " ind2=" " tag="502"><subfield code="a">Thesis (M.A.)--University of London, 1966.</subfield></datafield><datafield ind1=" " ind2=" " tag="504"><subfield code="a">Includes bibliographical references (leaves 282-286).</subfield></datafield><datafield ind1=" " ind2=" " tag="546"><subfield code="a">English.</subfield></datafield><datafield ind1="2" ind2="0" tag="610"><subfield code="a">University of London.</subfield><subfield code="b">School of Oriental and African Studies</subfield><subfield code="x">Dissertations.</subfield></datafield><datafield ind1=" " ind2="0" tag="650"><subfield code="a">Tlingit language</subfield><subfield code="x">Morphology.</subfield></datafield><datafield ind1=" " ind2="0" tag="650"><subfield code="a">Tlingit language</subfield><subfield code="x">Verb.</subfield></datafield><datafield ind1=" " ind2=" " tag="035"><subfield code="a">(TxDaGIAL)37741100016183</subfield></datafield><controlfield tag="005">20080624160606.0</controlfield><controlfield tag="001">5978</controlfield><controlfield tag="003">TxDaGIAL</controlfield><datafield ind1=" " ind2=" " tag="852"><subfield code="p">37741100016183</subfield><subfield code="a">Library</subfield><subfield code="x">COPYID:7090</subfield><subfield code="x">FSC@aRegular@c19970325</subfield><subfield code="h">497.27 S887m 1966</subfield><subfield code="z">11701</subfield></datafield></record>