
<record><leader>00787ntm a2200217 a 4500</leader><controlfield tag="008">970905s1985    txu           000 0 eng d</controlfield><datafield ind1=" " ind2=" " tag="040"><subfield code="a">TxDaGIAL</subfield><subfield code="c">TxDaGIAL</subfield></datafield><datafield ind1="1" ind2=" " tag="100"><subfield code="a">Swift, Kenneth E.</subfield></datafield><datafield ind1="1" ind2="0" tag="245"><subfield code="a">Morphology of Caquinte (Preandine Arawakan)</subfield><subfield code="h">[manuscript] /</subfield><subfield code="c">by Kenneth Eugene Swift.</subfield></datafield><datafield ind1=" " ind2=" " tag="260"><subfield code="c">1985.</subfield></datafield><datafield ind1=" " ind2=" " tag="300"><subfield code="a">xiv, 216 leaves ;</subfield><subfield code="c">29 cm.</subfield></datafield><datafield ind1=" " ind2=" " tag="502"><subfield code="a">Thesis (M.A.)--University of Texas at Arlington, 1985.</subfield></datafield><datafield ind1=" " ind2=" " tag="504"><subfield code="a">Bibliography: leaves 211-216.</subfield></datafield><datafield ind1=" " ind2="0" tag="650"><subfield code="a">Caquinte language</subfield><subfield code="x">Morphology.</subfield></datafield><datafield ind1=" " ind2="0" tag="650"><subfield code="a">Campa languages.</subfield></datafield><datafield ind1="2" ind2="0" tag="610"><subfield code="a">University of Texas at Arlington</subfield><subfield code="x">Dissertations.</subfield></datafield><datafield ind1=" " ind2=" " tag="035"><subfield code="a">(TxDaGIAL)37741100019506</subfield></datafield><controlfield tag="005">20080624160607.0</controlfield><controlfield tag="001">5984</controlfield><controlfield tag="003">TxDaGIAL</controlfield><datafield ind1=" " ind2=" " tag="852"><subfield code="p">37741100019506</subfield><subfield code="a">Library</subfield><subfield code="x">COPYID:7096</subfield><subfield code="x">FSC@aRegular@c19970912</subfield><subfield code="h">498.39 S977m 1985</subfield><subfield code="z">11363</subfield></datafield></record>