
<record><leader>00646nam a2200205 i 4500</leader><controlfield tag="008">760112s1963    txu           00010 eng d</controlfield><datafield ind1=" " ind2=" " tag="040"><subfield code="a">TxDaGIAL</subfield><subfield code="c">TxDaGIAL</subfield></datafield><datafield ind1="1" ind2="0" tag="100"><subfield code="a">Key, Harold H.</subfield></datafield><datafield ind1="1" ind2="0" tag="245"><subfield code="a">Morphology of cayuvava /</subfield><subfield code="c">by Harold H. Key.</subfield></datafield><datafield ind1=" " ind2=" " tag="260"><subfield code="c">1963.</subfield></datafield><datafield ind1=" " ind2=" " tag="300"><subfield code="a">91 leaves ;</subfield><subfield code="c">28 cm.</subfield></datafield><datafield ind1=" " ind2=" " tag="504"><subfield code="a">Bibliography: leaves 88-91.</subfield></datafield><datafield ind1=" " ind2=" " tag="502"><subfield code="a">Thesis (Ph.D.)--University of Texas, Austin, 1963.</subfield></datafield><datafield ind1=" " ind2=" " tag="546"><subfield code="a">English.</subfield></datafield><datafield ind1=" " ind2="0" tag="650"><subfield code="a">Cayuvava language</subfield><subfield code="x">Inflection.</subfield></datafield><datafield ind1=" " ind2=" " tag="035"><subfield code="a">(TxDaGIAL)37741100016566</subfield></datafield><controlfield tag="005">20080624160607.0</controlfield><controlfield tag="001">5985</controlfield><controlfield tag="003">TxDaGIAL</controlfield><datafield ind1=" " ind2=" " tag="852"><subfield code="p">37741100016566</subfield><subfield code="a">Library</subfield><subfield code="x">COPYID:7097</subfield><subfield code="x">FSC@aRegular@c19970328</subfield><subfield code="h">498 K44m 1963</subfield></datafield></record>