
<record><leader>01217nam a2200301 a 4500</leader><controlfield tag="008">830111s1981    io a     b    00010 eng  </controlfield><datafield ind1=" " ind2=" " tag="010"><subfield code="a">   82941487</subfield></datafield><datafield ind1=" " ind2=" " tag="040"><subfield code="a">DLC</subfield><subfield code="c">DLC</subfield><subfield code="d">TxDaGIAL</subfield></datafield><datafield ind1="1" ind2=" " tag="041"><subfield code="a">engind</subfield></datafield><datafield ind1=" " ind2=" " tag="043"><subfield code="a">a-io---</subfield></datafield><datafield ind1="0" ind2=" " tag="050"><subfield code="a">PL5128.J34</subfield><subfield code="b">M6713 1981</subfield></datafield><datafield ind1="0" ind2=" " tag="082"><subfield code="a">499/.285982</subfield><subfield code="2">19</subfield></datafield><datafield ind1="0" ind2="0" tag="100"><subfield code="a">Muhadjir.</subfield></datafield><datafield ind1="1" ind2="0" tag="240"><subfield code="a">Morfologi dialek Jakarta.</subfield><subfield code="l">English.</subfield></datafield><datafield ind1="1" ind2="0" tag="245"><subfield code="a">Morphology of Jakarta dialect :</subfield><subfield code="b">affixation and reduplication /</subfield><subfield code="c">by Muhadjir ; translated by Kay Ikranagara.</subfield></datafield><datafield ind1="0" ind2=" " tag="260"><subfield code="a">Jakarta :</subfield><subfield code="b">Badan Penyelenggara Seri NUSA, Universitas Atma Jaya,</subfield><subfield code="c">1981.</subfield></datafield><datafield ind1=" " ind2=" " tag="300"><subfield code="a">xii, 117 p. :</subfield><subfield code="b">ill. ;</subfield><subfield code="c">27 cm.</subfield></datafield><datafield ind1="1" ind2=" " tag="490"><subfield code="a">NUSA, linguistic studies in Indonesian and languages in Indonesia,</subfield><subfield code="x">0126-2874 ;</subfield><subfield code="v">v. 11</subfield></datafield><datafield ind1=" " ind2=" " tag="500"><subfield code="a">Translation of: Morfologi dialek Jakarta.</subfield></datafield><datafield ind1=" " ind2=" " tag="504"><subfield code="a">Bibliography: p. 86-88.</subfield></datafield><datafield ind1=" " ind2="0" tag="650"><subfield code="a">Malay language</subfield><subfield code="x">Dialects</subfield><subfield code="z">Indonesia</subfield><subfield code="z">Jakarta</subfield><subfield code="x">Morphology.</subfield></datafield><datafield ind1=" " ind2="0" tag="830"><subfield code="a">Nusa ;</subfield><subfield code="v">v. 11.</subfield></datafield><datafield ind1=" " ind2=" " tag="035"><subfield code="a">(TxDaGIAL)37741100012197</subfield></datafield><controlfield tag="005">20080624160607.0</controlfield><controlfield tag="001">5986</controlfield><controlfield tag="003">TxDaGIAL</controlfield><datafield ind1=" " ind2=" " tag="852"><subfield code="p">37741100012197</subfield><subfield code="a">Library</subfield><subfield code="x">COPYID:7098</subfield><subfield code="x">FSC@aRegular@c19960723</subfield><subfield code="h">499.287 M952m 1981</subfield><subfield code="z">9261</subfield></datafield><datafield ind1=" " ind2=" " tag="852"><subfield code="p">37741100012198</subfield><subfield code="a">Library</subfield><subfield code="x">COPYID:7099</subfield><subfield code="x">FSC@aRegular@c19960723</subfield><subfield code="h">499.287 M952m 1981</subfield><subfield code="z">9260</subfield></datafield></record>