
<record><leader>01343pam a2200301 a 4500</leader><controlfield tag="008">891017s1990    ne a     b    00110 eng  </controlfield><datafield ind1=" " ind2=" " tag="010"><subfield code="a">   89018170</subfield></datafield><datafield ind1=" " ind2=" " tag="020"><subfield code="a">1556191251 (U.S. : alk. paper) :</subfield><subfield code="c">$40.00 (U.S.)</subfield></datafield><datafield ind1=" " ind2=" " tag="020"><subfield code="a">155619126X (U.S. : pbk.) :</subfield><subfield code="c">$19.95 (U.S.)</subfield></datafield><datafield ind1=" " ind2=" " tag="040"><subfield code="a">DLC</subfield><subfield code="c">DLC</subfield><subfield code="d">DLC</subfield></datafield><datafield ind1="0" ind2="0" tag="050"><subfield code="a">P241</subfield><subfield code="b">.J46 1990</subfield></datafield><datafield ind1="0" ind2="0" tag="082"><subfield code="a">415</subfield><subfield code="2">20</subfield></datafield><datafield ind1="1" ind2="0" tag="100"><subfield code="a">Jensen, John Thayer,</subfield><subfield code="d">1942-</subfield></datafield><datafield ind1="1" ind2="0" tag="245"><subfield code="a">Morphology :</subfield><subfield code="b">word structure in generative grammar /</subfield><subfield code="c">John T. Jensen.</subfield></datafield><datafield ind1="0" ind2=" " tag="260"><subfield code="a">Amsterdam ;</subfield><subfield code="a">Philadelphia :</subfield><subfield code="b">J. Benjamins Pub. Co.,</subfield><subfield code="c">1990.</subfield></datafield><datafield ind1=" " ind2=" " tag="300"><subfield code="a">x, 210 p. :</subfield><subfield code="b">ill. ;</subfield><subfield code="c">23 cm.</subfield></datafield><datafield ind1=" " ind2="0" tag="440"><subfield code="a">Amsterdam studies in the theory and history of linguistic science.</subfield><subfield code="n">Series IV,</subfield><subfield code="p">Current issues in linguistic theory,</subfield><subfield code="x">0304-0763 ;</subfield><subfield code="v">v. 70</subfield></datafield><datafield ind1=" " ind2=" " tag="504"><subfield code="a">Includes bibliographical references (p. [197]-203) and index.</subfield></datafield><datafield ind1=" " ind2="0" tag="650"><subfield code="a">Grammar, Comparative and general</subfield><subfield code="x">Morphology.</subfield></datafield><datafield ind1=" " ind2="0" tag="650"><subfield code="a">Generative grammar.</subfield></datafield><datafield ind1=" " ind2="0" tag="650"><subfield code="a">Lexical phonology.</subfield></datafield><datafield ind1=" " ind2="0" tag="650"><subfield code="a">Latin language</subfield><subfield code="x">Verb.</subfield></datafield><datafield ind1=" " ind2=" " tag="035"><subfield code="a">(TxDaGIAL)37741100003570</subfield></datafield><controlfield tag="005">20080624160607.0</controlfield><controlfield tag="001">5988</controlfield><controlfield tag="003">TxDaGIAL</controlfield><datafield ind1=" " ind2=" " tag="852"><subfield code="p">37741100003570</subfield><subfield code="a">Library</subfield><subfield code="9">$19.95</subfield><subfield code="x">COPYID:7101</subfield><subfield code="x">FSC@aRegular@c19950418</subfield><subfield code="h">415 J54m 1990</subfield><subfield code="z">B/T 8-91</subfield></datafield><datafield ind1=" " ind2=" " tag="852"><subfield code="p">37741100024145</subfield><subfield code="a">Library</subfield><subfield code="b">James E. Redden Coll</subfield><subfield code="9">$0.00</subfield><subfield code="x">FUND:Gift</subfield><subfield code="x">COPYID:7102</subfield><subfield code="x">FSC@aRegular@c20000926</subfield><subfield code="h">415 J54m 1990</subfield><subfield code="z">Gift James E. Redden 5-00</subfield></datafield></record>