
<record><leader>00930nam a2200253Ii 4500</leader><controlfield tag="008">770625s1952    mdu      b    00000 eng d</controlfield><datafield ind1=" " ind2=" " tag="010"><subfield code="a">   52014230</subfield></datafield><datafield ind1=" " ind2=" " tag="040"><subfield code="a">DLC</subfield><subfield code="c">DVP</subfield><subfield code="d">m.c.</subfield><subfield code="d">CLU</subfield></datafield><datafield ind1=" " ind2=" " tag="050"><subfield code="a">PL540</subfield><subfield code="b">.M3</subfield></datafield><datafield ind1="1" ind2="0" tag="100"><subfield code="a">Martin, Samuel Elmo,</subfield><subfield code="d">1924-</subfield></datafield><datafield ind1="1" ind2="0" tag="245"><subfield code="a">Morphophonemics of standard colloquial Japanese.</subfield></datafield><datafield ind1="0" ind2=" " tag="260"><subfield code="a">Baltimore :</subfield><subfield code="b">Linguistic Society of America,</subfield><subfield code="c">1952.</subfield></datafield><datafield ind1=" " ind2=" " tag="300"><subfield code="a">115 p. ;</subfield><subfield code="c">26 cm.</subfield></datafield><datafield ind1="1" ind2=" " tag="490"><subfield code="a">Language dissertations ;</subfield><subfield code="v">no. 47</subfield></datafield><datafield ind1=" " ind2=" " tag="500"><subfield code="a">Supplement to Language : Journal of the Linguistic Society of America, v. 28, no. 8, pt. 2.</subfield></datafield><datafield ind1=" " ind2=" " tag="500"><subfield code="a">Thesis--Yale.</subfield></datafield><datafield ind1=" " ind2=" " tag="504"><subfield code="a">Includes bibliographical references (p. 114-115).</subfield></datafield><datafield ind1=" " ind2="0" tag="650"><subfield code="a">Japanese language</subfield><subfield code="x">Phonology.</subfield></datafield><datafield ind1=" " ind2="0" tag="830"><subfield code="a">Language dissertation ;</subfield><subfield code="v">no. 47.</subfield></datafield><datafield ind1=" " ind2=" " tag="035"><subfield code="a">(TxDaGIAL)37741100015106</subfield></datafield><controlfield tag="005">20080624160608.0</controlfield><controlfield tag="001">5992</controlfield><controlfield tag="003">TxDaGIAL</controlfield><datafield ind1=" " ind2=" " tag="852"><subfield code="p">37741100015106</subfield><subfield code="a">Library</subfield><subfield code="x">COPYID:7106</subfield><subfield code="x">FSC@aRegular@c19970211</subfield><subfield code="h">495.6 M383m 1952</subfield></datafield></record>