
<record><leader>01049pam a2200277 a 4500</leader><controlfield tag="008">890825s1990    ilu      b    00110 eng  </controlfield><datafield ind1=" " ind2=" " tag="010"><subfield code="a">   89039956 //r91</subfield></datafield><datafield ind1=" " ind2=" " tag="020"><subfield code="a">0226762866 (alk. paper)</subfield></datafield><datafield ind1=" " ind2=" " tag="040"><subfield code="a">DLC</subfield><subfield code="c">DLC</subfield><subfield code="d">DLC</subfield></datafield><datafield ind1="0" ind2="0" tag="050"><subfield code="a">PL4072</subfield><subfield code="b">.S6 1990</subfield></datafield><datafield ind1="0" ind2="0" tag="082"><subfield code="a">495</subfield><subfield code="2">20</subfield></datafield><datafield ind1="1" ind2="0" tag="100"><subfield code="a">Smalley, William Allen.</subfield></datafield><datafield ind1="1" ind2="0" tag="245"><subfield code="a">Mother of writing :</subfield><subfield code="b">the origin and development of a Hmong messianic script /</subfield><subfield code="c">William A. Smalley, Chia Koua Vang, Gnia Yee Yang ; Mitt Moua, project translator.</subfield></datafield><datafield ind1="0" ind2=" " tag="260"><subfield code="a">Chicago :</subfield><subfield code="b">University of Chicago Press,</subfield><subfield code="c">1990.</subfield></datafield><datafield ind1=" " ind2=" " tag="300"><subfield code="a">xii, 221 p. ;</subfield><subfield code="c">24 cm.</subfield></datafield><datafield ind1=" " ind2=" " tag="504"><subfield code="a">Includes bibliographical references (p. 209-218) and index.</subfield></datafield><datafield ind1=" " ind2="0" tag="650"><subfield code="a">Hmong language</subfield><subfield code="x">Alphabet.</subfield></datafield><datafield ind1=" " ind2="0" tag="650"><subfield code="a">Hmong language</subfield><subfield code="x">Writing.</subfield></datafield><datafield ind1="1" ind2="0" tag="600"><subfield code="a">Yang, Shong Lue,</subfield><subfield code="d">d. 1971.</subfield></datafield><datafield ind1="1" ind2="0" tag="700"><subfield code="a">Vang, Chia Koua.</subfield></datafield><datafield ind1="1" ind2="0" tag="700"><subfield code="a">Yang, Gnia Yee.</subfield></datafield><datafield ind1=" " ind2=" " tag="035"><subfield code="a">(TxDaGIAL)37741100012579</subfield></datafield><controlfield tag="005">20080624160609.0</controlfield><controlfield tag="001">5996</controlfield><controlfield tag="003">TxDaGIAL</controlfield><datafield ind1=" " ind2=" " tag="852"><subfield code="p">37741100012579</subfield><subfield code="a">Library</subfield><subfield code="9">$13.88</subfield><subfield code="x">COPYID:7110</subfield><subfield code="x">FSC@aRegular@c19960717</subfield><subfield code="h">495.972 S635m 1990</subfield><subfield code="z">B/T 6-93</subfield></datafield></record>