
<record><leader>00689ntm a2200205 a 4500</leader><controlfield tag="008">970930s1984    xxu           000 0 eng d</controlfield><datafield ind1=" " ind2=" " tag="040"><subfield code="a">TxDaGIAL</subfield><subfield code="c">TxDaGIAL</subfield></datafield><datafield ind1="1" ind2=" " tag="100"><subfield code="a">Simons, Pamela.</subfield></datafield><datafield ind1="1" ind2="0" tag="245"><subfield code="a">&#818;N&#818;&#225; and &#818;b&#818;a: two Lele particles</subfield><subfield code="h">[manuscript] /</subfield><subfield code="c">Pamela Simons.</subfield></datafield><datafield ind1=" " ind2=" " tag="260"><subfield code="c">1984.</subfield></datafield><datafield ind1=" " ind2=" " tag="300"><subfield code="a">44 leaves ;</subfield><subfield code="c">28 cm.</subfield></datafield><datafield ind1=" " ind2=" " tag="502"><subfield code="a">Non-thesis project, University of Texas at Arlington, 1984.</subfield></datafield><datafield ind1=" " ind2=" " tag="504"><subfield code="a">Bibliography: leaves 41-43.</subfield></datafield><datafield ind1=" " ind2="0" tag="650"><subfield code="a">Nancere language.</subfield></datafield><datafield ind1=" " ind2="0" tag="650"><subfield code="a">Chadic languages.</subfield></datafield><datafield ind1=" " ind2=" " tag="035"><subfield code="a">(TxDaGIAL)37741100020734</subfield></datafield><controlfield tag="005">20080624160632.0</controlfield><controlfield tag="001">6088</controlfield><controlfield tag="003">TxDaGIAL</controlfield><datafield ind1=" " ind2=" " tag="852"><subfield code="p">37741100020734</subfield><subfield code="a">Library</subfield><subfield code="x">COPYID:7209</subfield><subfield code="x">FSC@aRegular@c19970929</subfield><subfield code="h">493.7 S611n 1984</subfield><subfield code="z">10607</subfield></datafield></record>