
<record><leader>00994Qam a2200265Ia 4500</leader><controlfield tag="008">831202s1981    dk a          000 1 map d</controlfield><datafield ind1=" " ind2=" " tag="035"><subfield code="a">(CU-UC)687429</subfield></datafield><datafield ind1=" " ind2=" " tag="040"><subfield code="a">CU-SC</subfield><subfield code="c">CU-SC</subfield></datafield><datafield ind1="0" ind2=" " tag="041"><subfield code="a">mapeng</subfield></datafield><datafield ind1="0" ind2="0" tag="245"><subfield code="a">Na tautupu'a o mugaba ma mungiki :</subfield><subfield code="b">tales from Rennell and Bellona /</subfield><subfield code="c">[collected by] Torben Monberg, Rolf Kuschel.</subfield></datafield><datafield ind1=" " ind2=" " tag="260"><subfield code="a">[Copenhagen, Denmark] :</subfield><subfield code="b">National Museum of Denmark,</subfield><subfield code="c">1981.</subfield></datafield><datafield ind1=" " ind2=" " tag="300"><subfield code="a">78 p. :</subfield><subfield code="b">ill. ;</subfield><subfield code="c">20 cm.</subfield></datafield><datafield ind1=" " ind2=" " tag="500"><subfield code="a">Rennellese, with parallel English translation.</subfield></datafield><datafield ind1=" " ind2=" " tag="546"><subfield code="a">Malayo-Polynesian.</subfield></datafield><datafield ind1=" " ind2="0" tag="650"><subfield code="a">Folklore</subfield><subfield code="z">Solomon Islands</subfield><subfield code="z">Rennell Island.</subfield></datafield><datafield ind1=" " ind2="0" tag="650"><subfield code="a">Folklore</subfield><subfield code="z">Solomon Islands</subfield><subfield code="z">Bellona Island.</subfield></datafield><datafield ind1=" " ind2="0" tag="650"><subfield code="a">Rennellese language</subfield><subfield code="v">Texts.</subfield></datafield><datafield ind1="1" ind2="0" tag="700"><subfield code="a">Monberg, Torben.</subfield></datafield><datafield ind1="1" ind2="0" tag="700"><subfield code="a">Kuschel, Rolf.</subfield></datafield><datafield ind1="0" ind2="1" tag="740"><subfield code="a">Tales from Rennell and Bellona.</subfield></datafield><datafield ind1=" " ind2=" " tag="035"><subfield code="a">(TxDaGIAL)37741100017125</subfield></datafield><controlfield tag="005">20080624160633.0</controlfield><controlfield tag="001">6090</controlfield><controlfield tag="003">TxDaGIAL</controlfield><datafield ind1=" " ind2=" " tag="852"><subfield code="p">37741100017125</subfield><subfield code="a">Library</subfield><subfield code="x">COPYID:7211</subfield><subfield code="x">FSC@aRegular@c19970424</subfield><subfield code="h">398.209995 M736n 1981</subfield><subfield code="z">9636</subfield></datafield></record>