
<record><leader>01267cam a2200325 a 4500</leader><controlfield tag="008">880804s1987    mbca     b    00000 eng  </controlfield><datafield ind1=" " ind2=" " tag="010"><subfield code="a">   88170055 //r89</subfield></datafield><datafield ind1=" " ind2=" " tag="020"><subfield code="a">0921064047</subfield></datafield><datafield ind1=" " ind2=" " tag="040"><subfield code="a">DLC</subfield><subfield code="c">DLC</subfield><subfield code="d">TxDaGIAL</subfield></datafield><datafield ind1="0" ind2=" " tag="041"><subfield code="a">engchy</subfield></datafield><datafield ind1=" " ind2=" " tag="043"><subfield code="a">np-----</subfield></datafield><datafield ind1="0" ind2=" " tag="050"><subfield code="a">E99.C53</subfield><subfield code="b">N34 1987</subfield></datafield><datafield ind1="0" ind2=" " tag="082"><subfield code="a">497/.3</subfield><subfield code="2">19</subfield></datafield><datafield ind1="0" ind2="0" tag="245"><subfield code="a">N&#225;&#233;v&#229;h&#243;o&#702;&#778;ohts&#233;me =</subfield><subfield code="b">We are going back home : Cheyenne history and stories told by James Shoulderblade and others /</subfield><subfield code="c">edited by Wayne Leman.</subfield></datafield><datafield ind1="0" ind2=" " tag="260"><subfield code="a">Winnipeg, Man., Canada :</subfield><subfield code="b">Algonquian and Iroquoian Linguistics,</subfield><subfield code="c">1987.</subfield></datafield><datafield ind1=" " ind2=" " tag="300"><subfield code="a">xvi, 436 p. :</subfield><subfield code="b">ill., music ;</subfield><subfield code="c">28 cm.</subfield></datafield><datafield ind1=" " ind2="0" tag="440"><subfield code="a">Algonquian and Iroquoian linguistics ;</subfield><subfield code="v">Memoir 4</subfield></datafield><datafield ind1=" " ind2=" " tag="500"><subfield code="a">English and Cheyenne.</subfield></datafield><datafield ind1=" " ind2=" " tag="504"><subfield code="a">Bibliography: p. 435-436.</subfield></datafield><datafield ind1=" " ind2="0" tag="650"><subfield code="a">Cheyenne Indians.</subfield></datafield><datafield ind1=" " ind2="0" tag="650"><subfield code="a">Cheyenne language</subfield><subfield code="v">Texts.</subfield></datafield><datafield ind1="1" ind2="0" tag="700"><subfield code="a">Shoulderblade, James.</subfield></datafield><datafield ind1="1" ind2="0" tag="700"><subfield code="a">Leman, Wayne.</subfield></datafield><datafield ind1="0" ind2="1" tag="740"><subfield code="a">We are going back home.</subfield></datafield><datafield ind1=" " ind2=" " tag="035"><subfield code="a">(TxDaGIAL)37741100003610</subfield></datafield><controlfield tag="005">20080624160633.0</controlfield><controlfield tag="001">6092</controlfield><controlfield tag="003">TxDaGIAL</controlfield><datafield ind1=" " ind2=" " tag="852"><subfield code="p">37741100003610</subfield><subfield code="a">Library</subfield><subfield code="x">COPYID:7213</subfield><subfield code="x">FSC@aRegular@c19950419</subfield><subfield code="h">497.364 N145L 1987</subfield><subfield code="z">13282</subfield></datafield><datafield ind1=" " ind2=" " tag="852"><subfield code="p">37741100024348</subfield><subfield code="a">Library</subfield><subfield code="9">$0.00</subfield><subfield code="x">FUND:Gift</subfield><subfield code="x">COPYID:7214</subfield><subfield code="x">FSC@aRegular@c20001204</subfield><subfield code="h">497.364 N145L 1987</subfield><subfield code="z">Gift Roland Walker 4-00</subfield></datafield></record>