
<record><leader>01065cam a2200289 i 4500</leader><controlfield tag="008">770211s1976    cau      b    00010 eng  </controlfield><datafield ind1=" " ind2=" " tag="010"><subfield code="a">   76019945 //r942</subfield></datafield><datafield ind1=" " ind2=" " tag="020"><subfield code="a">0520095618</subfield></datafield><datafield ind1=" " ind2=" " tag="040"><subfield code="a">DLC</subfield><subfield code="c">DLC</subfield><subfield code="d">DLC</subfield></datafield><datafield ind1="0" ind2=" " tag="041"><subfield code="a">engnahspa</subfield></datafield><datafield ind1="0" ind2="0" tag="050"><subfield code="a">PM4069</subfield><subfield code="b">.K3</subfield></datafield><datafield ind1="0" ind2="0" tag="082"><subfield code="a">497/.4</subfield></datafield><datafield ind1="1" ind2="0" tag="100"><subfield code="a">Karttunen, Frances E.</subfield></datafield><datafield ind1="1" ind2="0" tag="245"><subfield code="a">Nahuatl in the middle years :</subfield><subfield code="b">language contact phenomena in texts of the colonial period /</subfield><subfield code="c">by Frances Karttunen and James Lockhart.</subfield></datafield><datafield ind1="0" ind2=" " tag="260"><subfield code="a">Berkeley :</subfield><subfield code="b">University of California Press,</subfield><subfield code="c">1976.</subfield></datafield><datafield ind1=" " ind2=" " tag="300"><subfield code="a">xii, 146 p. ;</subfield><subfield code="c">26 cm.</subfield></datafield><datafield ind1=" " ind2="0" tag="440"><subfield code="a">University of California publications in linguistics ;</subfield><subfield code="v">v. 85</subfield></datafield><datafield ind1=" " ind2=" " tag="500"><subfield code="a">English, Aztec, or Spanish.</subfield></datafield><datafield ind1=" " ind2=" " tag="504"><subfield code="a">Bibliography: p. 144-146.</subfield></datafield><datafield ind1=" " ind2="0" tag="650"><subfield code="a">Nahuatl language</subfield><subfield code="x">Foreign elements</subfield><subfield code="x">Spanish.</subfield></datafield><datafield ind1=" " ind2="0" tag="650"><subfield code="a">Nahuatl-Spanish dialect.</subfield></datafield><datafield ind1="1" ind2="0" tag="700"><subfield code="a">Lockhart, James,</subfield><subfield code="e">joint author.</subfield></datafield><datafield ind1=" " ind2=" " tag="035"><subfield code="a">(TxDaGIAL)37741100012627</subfield></datafield><controlfield tag="005">20080624160634.0</controlfield><controlfield tag="001">6095</controlfield><controlfield tag="003">TxDaGIAL</controlfield><datafield ind1=" " ind2=" " tag="852"><subfield code="p">37741100012627</subfield><subfield code="a">Library</subfield><subfield code="x">COPYID:7217</subfield><subfield code="x">FSC@aRegular@c19960718</subfield><subfield code="h">497.452 K18n 1972</subfield><subfield code="z">5407</subfield></datafield></record>