
<record><leader>00954pam a2200265 a 4500</leader><controlfield tag="008">950620s1994    ne       b    001 0 eng  </controlfield><datafield ind1=" " ind2=" " tag="010"><subfield code="a">   94034957</subfield></datafield><datafield ind1=" " ind2=" " tag="020"><subfield code="a">155619725X :</subfield><subfield code="c">$62.00</subfield></datafield><datafield ind1=" " ind2=" " tag="040"><subfield code="a">DLC</subfield><subfield code="c">DLC</subfield><subfield code="d">DLC</subfield></datafield><datafield ind1="0" ind2=" " tag="041"><subfield code="a">engara</subfield></datafield><datafield ind1=" " ind2=" " tag="043"><subfield code="a">a-su---</subfield></datafield><datafield ind1="0" ind2="0" tag="050"><subfield code="a">PJ6850.N35</subfield><subfield code="b">I54 1994</subfield></datafield><datafield ind1="0" ind2="0" tag="082"><subfield code="a">492/.77</subfield><subfield code="2">20</subfield></datafield><datafield ind1="1" ind2=" " tag="100"><subfield code="a">Ingham, Bruce.</subfield></datafield><datafield ind1="1" ind2="0" tag="245"><subfield code="a">Najdi Arabic :</subfield><subfield code="b">central Arabian /</subfield><subfield code="c">Bruce Ingham.</subfield></datafield><datafield ind1=" " ind2=" " tag="260"><subfield code="a">Amsterdam ;</subfield><subfield code="a">Philadelphia :</subfield><subfield code="b">J. Benjamins Pub. Co.,</subfield><subfield code="c">c1994.</subfield></datafield><datafield ind1=" " ind2=" " tag="300"><subfield code="a">xvi, 215 p. :</subfield><subfield code="b">map ;</subfield><subfield code="c">23 cm.</subfield></datafield><datafield ind1=" " ind2="0" tag="440"><subfield code="a">London Oriental and African language library ;</subfield><subfield code="v">v. 1</subfield></datafield><datafield ind1=" " ind2=" " tag="504"><subfield code="a">Includes bibliographical references (p. [207]-211) and index.</subfield></datafield><datafield ind1=" " ind2="0" tag="650"><subfield code="a">Arabic language</subfield><subfield code="x">Dialects</subfield><subfield code="z">Saudi Arabia</subfield><subfield code="z">Najd</subfield><subfield code="x">Grammar.</subfield></datafield><datafield ind1=" " ind2=" " tag="035"><subfield code="a">(TxDaGIAL)37741100010816</subfield></datafield><controlfield tag="005">20080624160634.0</controlfield><controlfield tag="001">6097</controlfield><controlfield tag="003">TxDaGIAL</controlfield><datafield ind1=" " ind2=" " tag="852"><subfield code="p">37741100010816</subfield><subfield code="a">Library</subfield><subfield code="9">$53.94</subfield><subfield code="x">FUND:Ling</subfield><subfield code="x">COPYID:7219</subfield><subfield code="x">FSC@aRegular@c19960410</subfield><subfield code="h">492.77 I48n 1994</subfield><subfield code="z">B/T 4-96</subfield></datafield></record>