
<record><leader>00780nam a22002051  4500</leader><controlfield tag="008">950601s1995    txua          000 0 eng d</controlfield><datafield ind1=" " ind2=" " tag="040"><subfield code="a">TxDaGIAL</subfield><subfield code="c">TxDaGIAL</subfield><subfield code="d">TxDaGIAL</subfield></datafield><datafield ind1="1" ind2=" " tag="100"><subfield code="a">Cha, Jae-Kyung.</subfield></datafield><datafield ind1="1" ind2="0" tag="245"><subfield code="a">Narrative discourse structure in Lhasa Tibetan /</subfield><subfield code="c">by Jae-Kyung Cha.</subfield></datafield><datafield ind1=" " ind2=" " tag="260"><subfield code="c">1995.</subfield></datafield><datafield ind1=" " ind2=" " tag="300"><subfield code="a">xii, 153 p. :</subfield><subfield code="b">ill. ;</subfield><subfield code="c">28 cm.</subfield></datafield><datafield ind1=" " ind2=" " tag="502"><subfield code="a">Thesis (M.A.)--University of Texas at Arlington, 1995.</subfield></datafield><datafield ind1=" " ind2=" " tag="504"><subfield code="a">Bibliographical references: p. 149-153.</subfield></datafield><datafield ind1=" " ind2="0" tag="650"><subfield code="a">Tibetan language</subfield><subfield code="x">Discourse analysis.</subfield></datafield><datafield ind1="2" ind2="0" tag="610"><subfield code="a">University of Texas at Arlington.</subfield><subfield code="b">Graduate School.</subfield></datafield><datafield ind1=" " ind2=" " tag="035"><subfield code="a">(TxDaGIAL)37741100004564</subfield></datafield><controlfield tag="005">20080624160637.0</controlfield><controlfield tag="001">6111</controlfield><controlfield tag="003">TxDaGIAL</controlfield><datafield ind1=" " ind2=" " tag="852"><subfield code="p">37741100004564</subfield><subfield code="a">Library</subfield><subfield code="9">$0.00</subfield><subfield code="x">COPYID:7236</subfield><subfield code="x">FSC@aRegular@c19950601</subfield><subfield code="h">495.4 C426n 1995</subfield><subfield code="z">Gift author</subfield></datafield></record>