
<record><leader>00955cam a2200241 i 4500</leader><controlfield tag="008">890721s1903    dcu      d   f00010 eng  </controlfield><datafield ind1=" " ind2=" " tag="010"><subfield code="a">   04030117</subfield></datafield><datafield ind1=" " ind2=" " tag="035"><subfield code="a">(CU-UC)5718485</subfield></datafield><datafield ind1="1" ind2="0" tag="100"><subfield code="a">Trumbull, J. Hammond</subfield><subfield code="q">(James Hammond),</subfield><subfield code="d">1821-1897.</subfield></datafield><datafield ind1="1" ind2="0" tag="245"><subfield code="a">Natick dictionary /</subfield><subfield code="c">by James Hammond Trumbull.</subfield></datafield><datafield ind1="0" ind2=" " tag="260"><subfield code="a">Washingtin :</subfield><subfield code="b">Gov't print. off.,</subfield><subfield code="c">1903.</subfield></datafield><datafield ind1=" " ind2=" " tag="300"><subfield code="a">xxviii, 349 p. ;</subfield><subfield code="c">30 cm.</subfield></datafield><datafield ind1=" " ind2="0" tag="440"><subfield code="a">Smithsonian institution.</subfield><subfield code="p">Bureau of American Ethnology ;</subfield><subfield code="v">bulletin 25</subfield></datafield><datafield ind1=" " ind2=" " tag="500"><subfield code="a">Issued also as House doc. 455, 57th Cong., 2d sess.</subfield></datafield><datafield ind1=" " ind2=" " tag="500"><subfield code="a">Introduction by Edward Everett Hale: p. ix-xiii.</subfield></datafield><datafield ind1=" " ind2=" " tag="546"><subfield code="a">English.</subfield></datafield><datafield ind1=" " ind2="0" tag="650"><subfield code="a">Massachuset language</subfield><subfield code="v">Dictionaries</subfield><subfield code="x">English.</subfield></datafield><datafield ind1=" " ind2="0" tag="650"><subfield code="a">English language</subfield><subfield code="v">Dictionaries</subfield><subfield code="x">Massachuset language.</subfield></datafield><datafield ind1=" " ind2=" " tag="035"><subfield code="a">(TxDaGIAL)37741100018281</subfield></datafield><controlfield tag="005">20080624160638.0</controlfield><controlfield tag="001">6118</controlfield><controlfield tag="003">TxDaGIAL</controlfield><datafield ind1=" " ind2=" " tag="852"><subfield code="p">37741100018281</subfield><subfield code="a">Library</subfield><subfield code="x">COPYID:7243</subfield><subfield code="x">FSC@aRegular@c19970605</subfield><subfield code="h">306.05 S664b 025 1903</subfield><subfield code="z">6740</subfield></datafield></record>