
<record><leader>00845nam a2200217 a 4500</leader><controlfield tag="008">900604s1963    mdu           000 0 eng u</controlfield><datafield ind1="1" ind2=" " tag="100"><subfield code="a">Landar, Herbert Jay.</subfield></datafield><datafield ind1="1" ind2="0" tag="245"><subfield code="a">Navaho syntax /</subfield><subfield code="c">by Herbert jay Landar.</subfield></datafield><datafield ind1=" " ind2=" " tag="260"><subfield code="a">Baltimore :</subfield><subfield code="b">Linguistic Society of America,</subfield><subfield code="c">1963.</subfield></datafield><datafield ind1=" " ind2=" " tag="300"><subfield code="a">54 p. ;</subfield><subfield code="c">26 cm.</subfield></datafield><datafield ind1=" " ind2="0" tag="440"><subfield code="a">Language dissertation ;</subfield><subfield code="v">no. 57</subfield></datafield><datafield ind1=" " ind2=" " tag="500"><subfield code="a">Language; journal of the Linguistic Society of America, v. 39, no. 3, pt. 2. Supplement.</subfield></datafield><datafield ind1=" " ind2=" " tag="502"><subfield code="a">Thesis--Yale University.</subfield></datafield><datafield ind1=" " ind2=" " tag="504"><subfield code="a">Bibliography: p. 50.</subfield></datafield><datafield ind1=" " ind2="0" tag="650"><subfield code="a">Navajo language</subfield><subfield code="x">Syntax.</subfield></datafield><datafield ind1=" " ind2=" " tag="035"><subfield code="a">(TxDaGIAL)37741100015104</subfield></datafield><controlfield tag="005">20080624160651.0</controlfield><controlfield tag="001">6170</controlfield><controlfield tag="003">TxDaGIAL</controlfield><datafield ind1=" " ind2=" " tag="852"><subfield code="p">37741100015104</subfield><subfield code="a">Library</subfield><subfield code="x">COPYID:7300</subfield><subfield code="x">FSC@aRegular@c19970211</subfield><subfield code="h">497.231 L253n 1963</subfield></datafield><datafield ind1=" " ind2=" " tag="852"><subfield code="p">37741100015105</subfield><subfield code="a">Library</subfield><subfield code="x">COPYID:7301</subfield><subfield code="x">FSC@aRegular@c19970211</subfield><subfield code="h">497.231 L253n 1963</subfield></datafield></record>