
<record><leader>01211cam a2200313 i 4500</leader><controlfield tag="008">801007s1980    nmu      d    00010 eng  </controlfield><datafield ind1=" " ind2=" " tag="010"><subfield code="a">   79056812 //r853</subfield></datafield><datafield ind1=" " ind2=" " tag="020"><subfield code="a">0826305369</subfield></datafield><datafield ind1=" " ind2=" " tag="040"><subfield code="a">DLC</subfield><subfield code="c">DLC</subfield></datafield><datafield ind1="0" ind2=" " tag="041"><subfield code="a">engnav</subfield></datafield><datafield ind1="0" ind2=" " tag="050"><subfield code="a">PM2007</subfield><subfield code="b">.Y75</subfield></datafield><datafield ind1="0" ind2=" " tag="082"><subfield code="a">497/.2</subfield><subfield code="2">19</subfield></datafield><datafield ind1="1" ind2="0" tag="100"><subfield code="a">Young, Robert W.,</subfield><subfield code="d">1912-</subfield></datafield><datafield ind1="1" ind2="4" tag="245"><subfield code="a">The Navajo language :</subfield><subfield code="b">a grammar and colloquial dictionary /</subfield><subfield code="c">Robert W. Young, William Morgan.</subfield></datafield><datafield ind1=" " ind2=" " tag="250"><subfield code="a">1st ed.</subfield></datafield><datafield ind1="0" ind2=" " tag="260"><subfield code="a">Albuquerque :</subfield><subfield code="b">University of New Mexico Press,</subfield><subfield code="c">c1980.</subfield></datafield><datafield ind1=" " ind2=" " tag="300"><subfield code="a">xxvii, 471, 1069 p. ;</subfield><subfield code="c">29 cm.</subfield></datafield><datafield ind1=" " ind2=" " tag="500"><subfield code="a">A revision and expansion of the authors' The Navaho language and A vocabulary of colloquial Navaho.</subfield></datafield><datafield ind1=" " ind2="0" tag="650"><subfield code="a">Navajo language</subfield><subfield code="x">Grammar.</subfield></datafield><datafield ind1=" " ind2="0" tag="650"><subfield code="a">Navajo language</subfield><subfield code="v">Dictionaries</subfield><subfield code="x">English.</subfield></datafield><datafield ind1=" " ind2="0" tag="650"><subfield code="a">English language</subfield><subfield code="v">Dictionaries</subfield><subfield code="x">Navajo.</subfield></datafield><datafield ind1="1" ind2="0" tag="700"><subfield code="a">Morgan, William,</subfield><subfield code="d">fl. 1936-</subfield><subfield code="e">joint author.</subfield></datafield><datafield ind1="1" ind2="1" tag="700"><subfield code="a">Young, Robert W.,</subfield><subfield code="d">1912-</subfield><subfield code="t">Navaho language.</subfield></datafield><datafield ind1="1" ind2="1" tag="700"><subfield code="a">Young, Robert W.,</subfield><subfield code="d">1912-</subfield><subfield code="t">Vocabulary of colloquial Navaho.</subfield></datafield><datafield ind1=" " ind2=" " tag="035"><subfield code="a">(TxDaGIAL)37741100003601</subfield></datafield><controlfield tag="005">20080624160651.0</controlfield><controlfield tag="001">6172</controlfield><controlfield tag="003">TxDaGIAL</controlfield><datafield ind1=" " ind2=" " tag="852"><subfield code="p">37741100003601</subfield><subfield code="a">Library</subfield><subfield code="x">COPYID:7303</subfield><subfield code="x">FSC@aRegular@c19950419</subfield><subfield code="h">497.231 Y75n 1980</subfield><subfield code="z">6488</subfield></datafield></record>