
<record><leader>00900cam a2200265 i 4500</leader><controlfield tag="008">750411s1974    cau      bd   00010 eng  </controlfield><datafield ind1=" " ind2=" " tag="010"><subfield code="a">   72619715 //r852</subfield></datafield><datafield ind1=" " ind2=" " tag="020"><subfield code="a">0520094875</subfield></datafield><datafield ind1=" " ind2=" " tag="040"><subfield code="a">DLC</subfield><subfield code="c">DLC</subfield></datafield><datafield ind1="0" ind2=" " tag="041"><subfield code="a">engnav</subfield></datafield><datafield ind1="0" ind2=" " tag="050"><subfield code="a">PM2008</subfield><subfield code="b">.H64</subfield></datafield><datafield ind1=" " ind2=" " tag="082"><subfield code="a">497/.2</subfield></datafield><datafield ind1="1" ind2="0" tag="100"><subfield code="a">Hoijer, Harry,</subfield><subfield code="d">1904-</subfield></datafield><datafield ind1="1" ind2="2" tag="245"><subfield code="a">A Navajo lexicon /</subfield><subfield code="c">by Harry Hoijer.</subfield></datafield><datafield ind1="0" ind2=" " tag="260"><subfield code="a">Berkeley :</subfield><subfield code="b">University of California Press,</subfield><subfield code="c">1974.</subfield></datafield><datafield ind1=" " ind2=" " tag="300"><subfield code="a">x, 314 p. ;</subfield><subfield code="c">26 cm.</subfield></datafield><datafield ind1="1" ind2=" " tag="490"><subfield code="a">University of California publications in linguistics ; v. 78</subfield></datafield><datafield ind1=" " ind2=" " tag="504"><subfield code="a">Bibliography: p. 313-314.</subfield></datafield><datafield ind1=" " ind2="0" tag="650"><subfield code="a">Navajo language</subfield><subfield code="v">Dictionaries</subfield><subfield code="x">English.</subfield></datafield><datafield ind1=" " ind2="0" tag="830"><subfield code="a">University of California publications in linguistics ;</subfield><subfield code="v">v. 78.</subfield></datafield><datafield ind1=" " ind2=" " tag="035"><subfield code="a">(TxDaGIAL)37741100003618</subfield></datafield><controlfield tag="005">20080624160652.0</controlfield><controlfield tag="001">6173</controlfield><controlfield tag="003">TxDaGIAL</controlfield><datafield ind1=" " ind2=" " tag="852"><subfield code="p">37741100003618</subfield><subfield code="a">Library</subfield><subfield code="x">COPYID:7304</subfield><subfield code="x">FSC@aRegular@c19950419</subfield><subfield code="h">497.231 H719n 1974</subfield><subfield code="z">6343</subfield></datafield></record>