
<record><leader>00787nam a2200229 i 4500</leader><controlfield tag="008">960613s        ng            000 0 eng d</controlfield><datafield ind1=" " ind2=" " tag="040"><subfield code="a">TxDaGIAL</subfield><subfield code="c">TxDaGIAL</subfield></datafield><datafield ind1=" " ind2=" " tag="041"><subfield code="a">engtpi</subfield></datafield><datafield ind1="0" ind2="4" tag="082"><subfield code="a">427.9953</subfield><subfield code="2">20</subfield></datafield><datafield ind1="0" ind2="0" tag="245"><subfield code="a">Neo-Melanesian :</subfield><subfield code="b">a short course in Pidgin - its grammar and pronunciation /</subfield><subfield code="c">H.S. Thomas.</subfield></datafield><datafield ind1=" " ind2=" " tag="260"><subfield code="a">Port Moresby :</subfield><subfield code="b">Australian Broadcasting Co.,</subfield><subfield code="c">n.d.</subfield></datafield><datafield ind1=" " ind2=" " tag="300"><subfield code="a">60 p. ;</subfield><subfield code="c">18 cm.</subfield></datafield><datafield ind1=" " ind2=" " tag="500"><subfield code="a">Cover title: Learning pidgin.</subfield></datafield><datafield ind1=" " ind2=" " tag="500"><subfield code="a">Pages 6-7 and 58-59 are blank.</subfield></datafield><datafield ind1=" " ind2="0" tag="650"><subfield code="a">Tok Pisin language.</subfield></datafield><datafield ind1="1" ind2="0" tag="700"><subfield code="a">Thomas, Howard S.</subfield></datafield><datafield ind1="0" ind2="1" tag="740"><subfield code="a">Learning Pidgin.</subfield></datafield><datafield ind1=" " ind2=" " tag="035"><subfield code="a">(TxDaGIAL)37741100012103</subfield></datafield><controlfield tag="005">20080624160653.0</controlfield><controlfield tag="001">6186</controlfield><controlfield tag="003">TxDaGIAL</controlfield><datafield ind1=" " ind2=" " tag="852"><subfield code="p">37741100012103</subfield><subfield code="a">Library</subfield><subfield code="9">$0.00</subfield><subfield code="x">COPYID:7317</subfield><subfield code="x">FSC@aRegular@c19960625</subfield><subfield code="h">427.9953 N438t</subfield><subfield code="z">Gift 1-86</subfield></datafield></record>