
<record><leader>00816nam a2200265Ii 4500</leader><controlfield tag="008">740722s1962    ii            000 0 eng u</controlfield><datafield ind1=" " ind2=" " tag="010"><subfield code="a">sa63004962</subfield></datafield><datafield ind1=" " ind2=" " tag="035"><subfield code="a">(CU-UC)dlaisn2466911</subfield></datafield><datafield ind1=" " ind2=" " tag="040"><subfield code="c">OSU</subfield></datafield><datafield ind1="0" ind2=" " tag="041"><subfield code="a">engnep</subfield></datafield><datafield ind1=" " ind2=" " tag="050"><subfield code="a">PK2595</subfield><subfield code="b">.S7</subfield></datafield><datafield ind1="1" ind2=" " tag="100"><subfield code="a">Srivastava, Dayanand.</subfield></datafield><datafield ind1="1" ind2="0" tag="245"><subfield code="a">Nepali language :</subfield><subfield code="b">its history and development.</subfield></datafield><datafield ind1=" " ind2=" " tag="250"><subfield code="a">[1st ed.</subfield></datafield><datafield ind1=" " ind2=" " tag="260"><subfield code="a">Calcutta] :</subfield><subfield code="b">Calcutta University,</subfield><subfield code="c">1962.</subfield></datafield><datafield ind1=" " ind2=" " tag="300"><subfield code="a">xxii, 145 p. :</subfield><subfield code="b">tables. ;</subfield><subfield code="c">25 cm.</subfield></datafield><datafield ind1=" " ind2=" " tag="546"><subfield code="a">English.</subfield></datafield><datafield ind1=" " ind2="0" tag="650"><subfield code="a">Nepali language</subfield><subfield code="x">History.</subfield></datafield><datafield ind1=" " ind2="0" tag="650"><subfield code="a">Nepali language</subfield><subfield code="x">Phonology.</subfield></datafield><datafield ind1=" " ind2="0" tag="650"><subfield code="a">Nepali language</subfield><subfield code="x">Inflection.</subfield></datafield><datafield ind1=" " ind2=" " tag="035"><subfield code="a">(TxDaGIAL)37741100014545</subfield></datafield><controlfield tag="005">20080624160655.0</controlfield><controlfield tag="001">6191</controlfield><controlfield tag="003">TxDaGIAL</controlfield><datafield ind1=" " ind2=" " tag="852"><subfield code="p">37741100014545</subfield><subfield code="a">Library</subfield><subfield code="x">COPYID:7322</subfield><subfield code="x">FSC@aRegular@c19970121</subfield><subfield code="h">491.495 S774n 1962</subfield><subfield code="z">10861</subfield></datafield></record>