
<record><leader>01811cam a2200349 a 4500</leader><controlfield tag="008">870817s1985    at a          00110 eng  </controlfield><datafield ind1=" " ind2=" " tag="010"><subfield code="a">   87166278 //r88</subfield></datafield><datafield ind1=" " ind2=" " tag="020"><subfield code="a">0858833417 (pbk.)</subfield></datafield><datafield ind1=" " ind2=" " tag="040"><subfield code="a">DLC</subfield><subfield code="c">DLC</subfield><subfield code="d">TxDaGIAL</subfield></datafield><datafield ind1="0" ind2=" " tag="041"><subfield code="a">engtpi</subfield></datafield><datafield ind1="0" ind2=" " tag="050"><subfield code="a">PM7891.Z9</subfield><subfield code="b">N423 1985</subfield></datafield><datafield ind1="0" ind2=" " tag="082"><subfield code="a">427/.9953</subfield><subfield code="2">19</subfield></datafield><datafield ind1="1" ind2="0" tag="100"><subfield code="a">Dutton, Thomas Edward,</subfield><subfield code="d">fl. 1969-</subfield></datafield><datafield ind1="1" ind2="2" tag="245"><subfield code="a">A new course in Tok Pisin (New Guinea Pidgin) /</subfield><subfield code="c">Tom Dutton in collaboration with Dicks Thomas.</subfield></datafield><datafield ind1="0" ind2=" " tag="260"><subfield code="a">Canberra, Australia :</subfield><subfield code="b">Dept. of Linguistics, Research School of Pacific Studies, the Australian National University,</subfield><subfield code="c">1985.</subfield></datafield><datafield ind1=" " ind2=" " tag="300"><subfield code="a">xxviii, 407 p. :</subfield><subfield code="b">ill. ;</subfield><subfield code="c">25 cm. +</subfield><subfield code="e">14 cassette tapes.</subfield></datafield><datafield ind1=" " ind2="0" tag="440"><subfield code="a">Languages for intercultural communication in the Pacific area project of the Australian Academy of the Humanities ;</subfield><subfield code="v">publication no. 2</subfield></datafield><datafield ind1="1" ind2=" " tag="490"><subfield code="a">Pacific linguistics. Series D, Special publications,</subfield><subfield code="x">0078-7566 ;</subfield><subfield code="v">no. 67</subfield></datafield><datafield ind1=" " ind2=" " tag="500"><subfield code="a">English and Tok Pisin.</subfield></datafield><datafield ind1=" " ind2=" " tag="500"><subfield code="a">Includes index.</subfield></datafield><datafield ind1=" " ind2="0" tag="650"><subfield code="a">Tok Pisin language</subfield><subfield code="v">Textbooks for foreign speakers</subfield><subfield code="x">English.</subfield></datafield><datafield ind1="1" ind2="0" tag="700"><subfield code="a">Thomas, Dicks.</subfield></datafield><datafield ind1=" " ind2="0" tag="830"><subfield code="a">Pacific linguistics.</subfield><subfield code="n">Series D ;</subfield><subfield code="v">no. 67.</subfield></datafield><datafield ind1=" " ind2=" " tag="035"><subfield code="a">(TxDaGIAL)37741100011248</subfield></datafield><controlfield tag="005">20080624160702.0</controlfield><controlfield tag="001">6220</controlfield><controlfield tag="003">TxDaGIAL</controlfield><datafield ind1=" " ind2=" " tag="852"><subfield code="p">37741100011248</subfield><subfield code="a">Library</subfield><subfield code="x">COPYID:7355</subfield><subfield code="x">FSC@aRegular@c19960503</subfield><subfield code="h">427.9953 D981n 1985</subfield><subfield code="z">s.o. 6-93</subfield></datafield><datafield ind1=" " ind2=" " tag="852"><subfield code="p">37741100011249</subfield><subfield code="a">Library</subfield><subfield code="x">COPYID:7356</subfield><subfield code="x">FSC@aRegular@c19960503</subfield><subfield code="h">427.9953 D981n 1985 Tape1-4</subfield><subfield code="z">s.o. 6-93</subfield></datafield><datafield ind1=" " ind2=" " tag="852"><subfield code="p">37741100011250</subfield><subfield code="a">Library</subfield><subfield code="x">COPYID:7357</subfield><subfield code="x">FSC@aRegular@c19960503</subfield><subfield code="h">427.9953 D981n 1985 Tape5-8</subfield><subfield code="z">s.o. 6-93</subfield></datafield><datafield ind1=" " ind2=" " tag="852"><subfield code="p">37741100011251</subfield><subfield code="a">Library</subfield><subfield code="x">COPYID:7358</subfield><subfield code="x">FSC@aRegular@c19960503</subfield><subfield code="h">427.9953 D981n 1985 Tape9-12</subfield><subfield code="z">s.o. 6-93</subfield></datafield><datafield ind1=" " ind2=" " tag="852"><subfield code="p">37741100011252</subfield><subfield code="a">Library</subfield><subfield code="x">COPYID:7359</subfield><subfield code="x">FSC@aRegular@c19960503</subfield><subfield code="h">427.9953 D981n 1985 Tape13-14</subfield><subfield code="z">s.o. 6-93</subfield></datafield></record>