
<record><leader>00836cam a2200229 i 4500</leader><controlfield tag="008">750724s1964    ko ab    d    00000 eng  </controlfield><datafield ind1=" " ind2=" " tag="010"><subfield code="a">   65001346</subfield></datafield><datafield ind1=" " ind2=" " tag="035"><subfield code="a">(CU-UC)4048323</subfield></datafield><datafield ind1=" " ind2=" " tag="040"><subfield code="a">DLC</subfield><subfield code="c">DZM</subfield><subfield code="d">SER</subfield><subfield code="d">CUS</subfield></datafield><datafield ind1="0" ind2=" " tag="050"><subfield code="a">PL937.E5</subfield><subfield code="b">N4</subfield></datafield><datafield ind1="0" ind2="0" tag="245"><subfield code="a">New English-Korean dictionary. /</subfield><subfield code="c">Kwang Man Kauh, editorial adviser. Sung Shik Cho, Byung Jo Chung, Pong Shik Kang, general editors.</subfield></datafield><datafield ind1="0" ind2=" " tag="260"><subfield code="a">Seoul, Korea :</subfield><subfield code="b">Omungak Pub. Co.,</subfield><subfield code="c">1964.</subfield></datafield><datafield ind1=" " ind2=" " tag="300"><subfield code="a">xxxvi, 2276 p. :</subfield><subfield code="b">illus., maps. ;</subfield><subfield code="c">27 cm.</subfield></datafield><datafield ind1=" " ind2=" " tag="546"><subfield code="a">English.</subfield></datafield><datafield ind1=" " ind2="0" tag="650"><subfield code="a">English language</subfield><subfield code="v">Dictionaries</subfield><subfield code="x">Korean.</subfield></datafield><datafield ind1="1" ind2="0" tag="700"><subfield code="a">Kauh, Kwang Man,</subfield><subfield code="d">1904-</subfield></datafield><datafield ind1="1" ind2="0" tag="700"><subfield code="a">Cho, S&#335;ng-sik,</subfield><subfield code="d">1922-</subfield></datafield><datafield ind1=" " ind2=" " tag="035"><subfield code="a">(TxDaGIAL)37741100015368</subfield></datafield><controlfield tag="005">20080624160706.0</controlfield><controlfield tag="001">6233</controlfield><controlfield tag="003">TxDaGIAL</controlfield><datafield ind1=" " ind2=" " tag="852"><subfield code="p">37741100015368</subfield><subfield code="a">Library</subfield><subfield code="x">COPYID:7372</subfield><subfield code="x">FSC@aRegular@c19970224</subfield><subfield code="h">423.957 N532 1964</subfield><subfield code="z">5534</subfield></datafield></record>