
<record><leader>00645nam a2200205 a 4500</leader><controlfield tag="008">860709s1985    ii       d    00000 eng d</controlfield><datafield ind1=" " ind2=" " tag="035"><subfield code="a">(CU-UC)dlaisn2930284</subfield></datafield><datafield ind1=" " ind2=" " tag="040"><subfield code="a">EUW</subfield><subfield code="c">EUW</subfield><subfield code="d">CUY</subfield></datafield><datafield ind1="0" ind2=" " tag="041"><subfield code="a">engtib</subfield></datafield><datafield ind1="0" ind2="0" tag="245"><subfield code="a">New English-Tibetan dictionary /</subfield><subfield code="c">Norbu Chophel.</subfield></datafield><datafield ind1="0" ind2=" " tag="260"><subfield code="a">Dharamsala :</subfield><subfield code="b">Norbu Chophel,</subfield><subfield code="c">1985.</subfield></datafield><datafield ind1=" " ind2=" " tag="300"><subfield code="a">206 p. ;</subfield><subfield code="c">21 cm.</subfield></datafield><datafield ind1=" " ind2=" " tag="546"><subfield code="a">English.</subfield></datafield><datafield ind1=" " ind2="0" tag="650"><subfield code="a">English language</subfield><subfield code="v">Dictionaries</subfield><subfield code="x">Tibetan.</subfield></datafield><datafield ind1="0" ind2="0" tag="700"><subfield code="a">Norbu Chophel.</subfield></datafield><datafield ind1=" " ind2=" " tag="035"><subfield code="a">(TxDaGIAL)37741100014903</subfield></datafield><controlfield tag="005">20080624160706.0</controlfield><controlfield tag="001">6234</controlfield><controlfield tag="003">TxDaGIAL</controlfield><datafield ind1=" " ind2=" " tag="852"><subfield code="p">37741100014903</subfield><subfield code="a">Library</subfield><subfield code="x">COPYID:7373</subfield><subfield code="x">FSC@aRegular@c19970203</subfield><subfield code="h">423.9541 C545n 1985</subfield><subfield code="z">11968</subfield></datafield></record>