
<record><leader>00799nam a22002291  4500</leader><controlfield tag="008">950131s1994    gw            000 0 eng d</controlfield><datafield ind1=" " ind2=" " tag="022"><subfield code="a">0932-1993</subfield></datafield><datafield ind1=" " ind2=" " tag="040"><subfield code="a">NeLR</subfield><subfield code="c">TxDaGIAL</subfield><subfield code="d">TxDaGIAL</subfield></datafield><datafield ind1="1" ind2=" " tag="041"><subfield code="a">engssa</subfield></datafield><datafield ind1="0" ind2="4" tag="082"><subfield code="a">496.5</subfield><subfield code="2">20</subfield></datafield><datafield ind1="1" ind2=" " tag="100"><subfield code="a">Kutsch Lojenga, Constance.</subfield></datafield><datafield ind1="1" ind2="0" tag="245"><subfield code="a">Ngiti :</subfield><subfield code="b">a Central-Sudanic language of Zaire /</subfield><subfield code="c">Constance Kutsch Lojenga.</subfield></datafield><datafield ind1=" " ind2=" " tag="260"><subfield code="a">K&#246;ln :</subfield><subfield code="b">R&#252;diger K&#246;ppe Verlag,</subfield><subfield code="c">c1994.</subfield></datafield><datafield ind1=" " ind2=" " tag="300"><subfield code="a">xiv, 517 p. ;</subfield><subfield code="c">24 cm.</subfield></datafield><datafield ind1=" " ind2=" " tag="504"><subfield code="a">Includes bibliographical references (p. 512-516).</subfield></datafield><datafield ind1=" " ind2="0" tag="650"><subfield code="a">Central Sudanic languages.</subfield></datafield><datafield ind1=" " ind2="0" tag="650"><subfield code="a">Ngiti language.</subfield></datafield><datafield ind1=" " ind2=" " tag="035"><subfield code="a">(TxDaGIAL)37741100001220</subfield></datafield><controlfield tag="005">20080624160729.0</controlfield><controlfield tag="001">6336</controlfield><controlfield tag="003">TxDaGIAL</controlfield><datafield ind1=" " ind2=" " tag="852"><subfield code="p">37741100001220</subfield><subfield code="a">Library</subfield><subfield code="9">$30.00</subfield><subfield code="x">COPYID:7501</subfield><subfield code="x">FSC@aRegular@c19950131</subfield><subfield code="h">496.5 K97n 1994</subfield><subfield code="z">dir from author 1-24-95</subfield></datafield></record>