
<record><leader>00761nam a2200241   4500</leader><controlfield tag="008">730425s1970    cs       b    00000 eng  </controlfield><datafield ind1=" " ind2=" " tag="010"><subfield code="a">   73152588</subfield></datafield><datafield ind1=" " ind2=" " tag="015"><subfield code="a">Cz***</subfield></datafield><datafield ind1=" " ind2=" " tag="040"><subfield code="a">DLC</subfield><subfield code="c">DLC</subfield><subfield code="d">TxDaGIAL</subfield></datafield><datafield ind1="0" ind2=" " tag="050"><subfield code="a">PK1671</subfield><subfield code="b">.Z3</subfield></datafield><datafield ind1=" " ind2=" " tag="082"><subfield code="a">491.44/82/421</subfield></datafield><datafield ind1="1" ind2="0" tag="100"><subfield code="a">Zbavitel, Du&#353;an.</subfield></datafield><datafield ind1="1" ind2="0" tag="245"><subfield code="a">Non-finite verbal forms in Bengali /</subfield><subfield code="c">Dusan Zbavitel.</subfield></datafield><datafield ind1="0" ind2=" " tag="260"><subfield code="a">Prague :</subfield><subfield code="b">Oriental Institute,</subfield><subfield code="c">1970.</subfield></datafield><datafield ind1=" " ind2=" " tag="300"><subfield code="a">137 p. ;</subfield><subfield code="c">21 cm.</subfield></datafield><datafield ind1=" " ind2="0" tag="440"><subfield code="a">Dissertationes orientales ;</subfield><subfield code="v">v. 29</subfield></datafield><datafield ind1=" " ind2=" " tag="504"><subfield code="a">Includes bibliographical references.</subfield></datafield><datafield ind1=" " ind2="0" tag="650"><subfield code="a">Bengali language</subfield><subfield code="x">Verb.</subfield></datafield><datafield ind1=" " ind2=" " tag="035"><subfield code="a">(TxDaGIAL)37741100012453</subfield></datafield><controlfield tag="005">20080624160737.0</controlfield><controlfield tag="001">6369</controlfield><controlfield tag="003">TxDaGIAL</controlfield><datafield ind1=" " ind2=" " tag="852"><subfield code="p">37741100012453</subfield><subfield code="a">Library</subfield><subfield code="x">COPYID:7541</subfield><subfield code="x">FSC@aRegular@c19960711</subfield><subfield code="h">491.4482 Z39n 1970</subfield></datafield></record>