
<record><leader>01206nam a2200289I  4500</leader><controlfield tag="008">730430s1971    oku           00010 fre u</controlfield><datafield ind1=" " ind2=" " tag="035"><subfield code="a">(CU-UC)1209424</subfield></datafield><datafield ind1=" " ind2=" " tag="040"><subfield code="c">YNG</subfield><subfield code="d">m/c</subfield></datafield><datafield ind1="1" ind2="0" tag="100"><subfield code="a">Bearth, Thomas.</subfield></datafield><datafield ind1="1" ind2="3" tag="245"><subfield code="a">L'&#201;nonc&#233; toura (C&#244;te d'Ivoire).</subfield></datafield><datafield ind1="0" ind2=" " tag="260"><subfield code="a">Norman :</subfield><subfield code="b">Summer Institute of Linguistics of the University of Oklahoma,</subfield><subfield code="c">1971.</subfield></datafield><datafield ind1=" " ind2=" " tag="300"><subfield code="a">481 p. :</subfield><subfield code="b">illus., map.</subfield></datafield><datafield ind1="1" ind2=" " tag="490"><subfield code="a">Summer Institute of Linguistics publications in linguistics and related fields. Publication ;</subfield><subfield code="v">no. 30.</subfield></datafield><datafield ind1=" " ind2=" " tag="500"><subfield code="a">At head of title: Universit&#233; de Gen&#232;ve. Facult&#233; des lettres.</subfield></datafield><datafield ind1=" " ind2=" " tag="502"><subfield code="a">Thesis -- Universit&#233; de Gen&#232;ve.</subfield></datafield><datafield ind1=" " ind2=" " tag="504"><subfield code="a">Bibliography: p. 477-481.</subfield></datafield><datafield ind1=" " ind2=" " tag="546"><subfield code="a">French.</subfield></datafield><datafield ind1=" " ind2="0" tag="651"><subfield code="a">C&#244;te d'Ivoire</subfield><subfield code="x">Languages.</subfield></datafield><datafield ind1=" " ind2="0" tag="650"><subfield code="a">Mande languages.</subfield></datafield><datafield ind1=" " ind2="0" tag="650"><subfield code="a">Toura language.</subfield></datafield><datafield ind1=" " ind2="0" tag="830"><subfield code="a">Summer Institute of Linguistics publications in linguistics and related fields ;</subfield><subfield code="v">publication no. 30.</subfield></datafield><datafield ind1=" " ind2=" " tag="035"><subfield code="a">(TxDaGIAL)37741100015606</subfield></datafield><controlfield tag="005">20080624160738.0</controlfield><controlfield tag="001">6376</controlfield><controlfield tag="003">TxDaGIAL</controlfield><datafield ind1=" " ind2=" " tag="852"><subfield code="p">37741100015606</subfield><subfield code="a">Library</subfield><subfield code="x">COPYID:7549</subfield><subfield code="x">FSC@aRegular@c19970305</subfield><subfield code="h">496.34 B368L 1971</subfield><subfield code="z">3378</subfield></datafield><datafield ind1=" " ind2=" " tag="852"><subfield code="p">37741100015607</subfield><subfield code="a">Library</subfield><subfield code="x">COPYID:7550</subfield><subfield code="x">FSC@aRegular@c19970305</subfield><subfield code="h">496.34 B368L 1971</subfield><subfield code="z">1411</subfield></datafield></record>