
<record><leader>01268cam a2200313 i 4500</leader><controlfield tag="008">060129s1939    pauag        s000 0 eng  </controlfield><datafield ind1=" " ind2=" " tag="010"><subfield code="a">   39004833 //r944</subfield></datafield><datafield ind1=" " ind2=" " tag="040"><subfield code="a">DLC</subfield><subfield code="c">Ak</subfield><subfield code="d">DLC</subfield></datafield><datafield ind1=" " ind2=" " tag="043"><subfield code="a">n-us-wa</subfield></datafield><datafield ind1="0" ind2="0" tag="050"><subfield code="a">PM2031.Z73</subfield><subfield code="b">S3</subfield></datafield><datafield ind1="0" ind2="0" tag="082"><subfield code="a">497</subfield></datafield><datafield ind1=" " ind2=" " tag="094"><subfield code="a">noo00</subfield><subfield code="2">ROPAL</subfield></datafield><datafield ind1="1" ind2="0" tag="100"><subfield code="a">Sapir, Edward,</subfield><subfield code="d">1884-1939,</subfield><subfield code="e">ed.</subfield></datafield><datafield ind1="1" ind2="0" tag="245"><subfield code="a">Nootka texts :</subfield><subfield code="b">tales and ethnological narratives, with grammatical notes and lexical materials /</subfield><subfield code="c">by Edward Sapir ... and Morris Swadesh.</subfield></datafield><datafield ind1="0" ind2=" " tag="260"><subfield code="a">Philadelphia :</subfield><subfield code="b">Linguistic society of America, University of Pennsylvania,</subfield><subfield code="c">1939.</subfield></datafield><datafield ind1=" " ind2=" " tag="300"><subfield code="a">334 p. :</subfield><subfield code="b">illus. (music) ;</subfield><subfield code="c">26 cm.</subfield></datafield><datafield ind1="0" ind2=" " tag="490"><subfield code="a">William Dwight Whitney linguistic series</subfield></datafield><datafield ind1=" " ind2=" " tag="500"><subfield code="a">Special publications of the Linguistic society of America.</subfield></datafield><datafield ind1=" " ind2=" " tag="500"><subfield code="a">"Published for Yale university by the Linguistic society of America."</subfield></datafield><datafield ind1=" " ind2="0" tag="650"><subfield code="a">Nootka language</subfield><subfield code="v">Texts.</subfield></datafield><datafield ind1=" " ind2="0" tag="650"><subfield code="a">Nootka Indians</subfield><subfield code="v">Folklore.</subfield></datafield><datafield ind1=" " ind2="0" tag="650"><subfield code="a">Nootka Indians</subfield><subfield code="x">Social life and customs.</subfield></datafield><datafield ind1="1" ind2="1" tag="700"><subfield code="a">Swadesh, Morris,</subfield><subfield code="d">1909-1967,</subfield><subfield code="e">joint ed.</subfield></datafield><datafield ind1="2" ind2="0" tag="710"><subfield code="a">Linguistic Society of America.</subfield></datafield><datafield ind1=" " ind2=" " tag="035"><subfield code="a">(TxDaGIAL)37741100016203</subfield></datafield><controlfield tag="005">20080624160741.0</controlfield><controlfield tag="001">6389</controlfield><controlfield tag="003">TxDaGIAL</controlfield><datafield ind1=" " ind2=" " tag="852"><subfield code="p">37741100016203</subfield><subfield code="a">Library</subfield><subfield code="x">COPYID:7564</subfield><subfield code="x">FSC@aRegular@c19970325</subfield><subfield code="h">497.3 S241n 1939</subfield><subfield code="z">1930</subfield></datafield></record>