
<record><leader>01065cam a2200301 i 4500</leader><controlfield tag="008">800221s1980    ilu      b    000 0 eng  </controlfield><datafield ind1=" " ind2=" " tag="010"><subfield code="a">   80011887 //r942</subfield></datafield><datafield ind1=" " ind2=" " tag="020"><subfield code="a">0226367169</subfield></datafield><datafield ind1=" " ind2=" " tag="040"><subfield code="a">DLC</subfield><subfield code="c">DLC</subfield><subfield code="d">DLC</subfield></datafield><datafield ind1="0" ind2=" " tag="041"><subfield code="a">engiro</subfield></datafield><datafield ind1="0" ind2="0" tag="050"><subfield code="a">PM1384.A2</subfield><subfield code="b">N6</subfield></datafield><datafield ind1="0" ind2="0" tag="082"><subfield code="a">497/.5</subfield></datafield><datafield ind1="0" ind2="0" tag="245"><subfield code="a">Northern Iroquoian texts /</subfield><subfield code="c">edited by Marianne Mithun and Hanni Woodbury.</subfield></datafield><datafield ind1="0" ind2=" " tag="260"><subfield code="a">Chicago :</subfield><subfield code="b">University of Chicago Press ;</subfield><subfield code="a">Ann Arbor, Mich. :</subfield><subfield code="b">distributed by University Microfilms International,</subfield><subfield code="c">1980.</subfield></datafield><datafield ind1=" " ind2=" " tag="300"><subfield code="a">162 p. ;</subfield><subfield code="c">25 cm.</subfield></datafield><datafield ind1="0" ind2=" " tag="490"><subfield code="a">IJAL-NATS monograph ; no. 4</subfield></datafield><datafield ind1=" " ind2="0" tag="440"><subfield code="a">Monograph publishing.</subfield><subfield code="p">Imprint series.</subfield></datafield><datafield ind1=" " ind2=" " tag="504"><subfield code="a">Bibliography: p. [161]-162.</subfield></datafield><datafield ind1=" " ind2="0" tag="650"><subfield code="a">Iroquois language</subfield><subfield code="v">Texts.</subfield></datafield><datafield ind1=" " ind2="0" tag="650"><subfield code="a">Iroquois Indians</subfield><subfield code="v">Folklore.</subfield></datafield><datafield ind1=" " ind2="0" tag="650"><subfield code="a">Indians of North America</subfield><subfield code="v">Folklore.</subfield></datafield><datafield ind1="1" ind2="0" tag="700"><subfield code="a">Mithun, Marianne.</subfield></datafield><datafield ind1="1" ind2="0" tag="700"><subfield code="a">Woodbury, Hanni.</subfield></datafield><datafield ind1=" " ind2=" " tag="035"><subfield code="a">(TxDaGIAL)37741100007123</subfield></datafield><controlfield tag="005">20080624160743.0</controlfield><controlfield tag="001">6396</controlfield><controlfield tag="003">TxDaGIAL</controlfield><datafield ind1=" " ind2=" " tag="852"><subfield code="p">37741100007123</subfield><subfield code="a">Library</subfield><subfield code="x">COPYID:7572</subfield><subfield code="x">FSC@aRegular@c19950823</subfield><subfield code="h">497.55 N874m 1980</subfield><subfield code="z">8420</subfield></datafield></record>