
<record><leader>00801nam a2200217 a 4500</leader><controlfield tag="008">970412s1977    txu           000 0 eng d</controlfield><datafield ind1=" " ind2=" " tag="040"><subfield code="a">TxDaGIAL</subfield><subfield code="c">TxDaGIAL</subfield></datafield><datafield ind1=" " ind2=" " tag="094"><subfield code="a">agd00</subfield><subfield code="2">ROPAL</subfield></datafield><datafield ind1="1" ind2=" " tag="100"><subfield code="a">Goddard, Jean.</subfield></datafield><datafield ind1="1" ind2="0" tag="245"><subfield code="a">Notes on Agarabi Grammar /</subfield><subfield code="c">by Jean Goddard.</subfield></datafield><datafield ind1=" " ind2=" " tag="260"><subfield code="c">1977.</subfield></datafield><datafield ind1=" " ind2=" " tag="300"><subfield code="a">vii, 56 leaves ;</subfield><subfield code="c">29 cm.</subfield></datafield><datafield ind1=" " ind2=" " tag="502"><subfield code="a">Thesis (M.A.)--University of Texas at Arlington, 1977.</subfield></datafield><datafield ind1=" " ind2=" " tag="504"><subfield code="a">Includes bibliographical references (leaves 55-56).</subfield></datafield><datafield ind1=" " ind2="0" tag="650"><subfield code="a">Agarabe language</subfield><subfield code="x">Grammar.</subfield></datafield><datafield ind1="2" ind2="0" tag="610"><subfield code="a">University of Texas at Arlington.</subfield><subfield code="b">Department of Foreign Languages and Linguistics</subfield><subfield code="x">Dissertations.</subfield></datafield><datafield ind1=" " ind2=" " tag="035"><subfield code="a">(TxDaGIAL)37741100016745</subfield></datafield><controlfield tag="005">20080624160746.0</controlfield><controlfield tag="001">6409</controlfield><controlfield tag="003">TxDaGIAL</controlfield><datafield ind1=" " ind2=" " tag="852"><subfield code="p">37741100016745</subfield><subfield code="a">Library</subfield><subfield code="x">COPYID:7589</subfield><subfield code="x">FSC@aRegular@c19970414</subfield><subfield code="h">499.1261 G578n 1977</subfield></datafield></record>