
<record><leader>00962nam a2200253Ii 4500</leader><controlfield tag="008">770902s1914    pau           00010 enge </controlfield><datafield ind1=" " ind2=" " tag="010"><subfield code="a">   14018029</subfield></datafield><datafield ind1=" " ind2=" " tag="035"><subfield code="a">(CU-UC)1306294</subfield></datafield><datafield ind1=" " ind2=" " tag="040"><subfield code="a">DLC</subfield><subfield code="c">TXA</subfield><subfield code="d">TXA</subfield><subfield code="d">m.c.</subfield><subfield code="d">CLU</subfield><subfield code="d">TxDaGIAL</subfield></datafield><datafield ind1="0" ind2=" " tag="050"><subfield code="a">PM761</subfield><subfield code="b">.S3</subfield></datafield><datafield ind1="1" ind2="0" tag="100"><subfield code="a">Sapir, Edward,</subfield><subfield code="d">1884-1939.</subfield></datafield><datafield ind1="1" ind2="0" tag="245"><subfield code="a">Notes on Chasta Costa phonology and morphology /</subfield><subfield code="c">by Edward Sapir.</subfield></datafield><datafield ind1="0" ind2=" " tag="260"><subfield code="a">Philadelphia :</subfield><subfield code="b">University Museum,</subfield><subfield code="c">1914.</subfield></datafield><datafield ind1=" " ind2=" " tag="300"><subfield code="a">p. 271-340. ;</subfield><subfield code="c">28 cm.</subfield></datafield><datafield ind1="1" ind2=" " tag="490"><subfield code="a">University of Pennsylvania. The University Museum. Anthropological publications, vol. 2, no. 2</subfield></datafield><datafield ind1=" " ind2=" " tag="546"><subfield code="a">English.</subfield></datafield><datafield ind1=" " ind2="0" tag="650"><subfield code="a">Chastacosta language.</subfield></datafield><datafield ind1=" " ind2="0" tag="650"><subfield code="a">Athapascan languages.</subfield></datafield><datafield ind1=" " ind2="0" tag="830"><subfield code="a">Anthropological publications ;</subfield><subfield code="v">v. 2, no. 2.</subfield></datafield><datafield ind1=" " ind2=" " tag="035"><subfield code="a">(TxDaGIAL)37741100021123</subfield></datafield><controlfield tag="005">20080624160746.0</controlfield><controlfield tag="001">6410</controlfield><controlfield tag="003">TxDaGIAL</controlfield><datafield ind1=" " ind2=" " tag="852"><subfield code="p">37741100021123</subfield><subfield code="a">Library</subfield><subfield code="9">$15.00</subfield><subfield code="x">FUND:Ling</subfield><subfield code="x">COPYID:7590</subfield><subfield code="x">FSC@aRegular@c19971017</subfield><subfield code="h">497.2 S241n 1914</subfield><subfield code="z">Dir. Univ.Museum Pub. 10-97</subfield></datafield></record>