
<record><leader>00498ntm a2200157 a 4500</leader><controlfield tag="008">971117s        xxu           000 0 eng d</controlfield><datafield ind1=" " ind2=" " tag="040"><subfield code="a">TxDaGIAL</subfield><subfield code="c">TxDaGIAL</subfield></datafield><datafield ind1="1" ind2=" " tag="100"><subfield code="a">Olson, Donald.</subfield></datafield><datafield ind1="1" ind2="0" tag="245"><subfield code="a">Notes on Cheyenne grammar</subfield><subfield code="h">[manuscript].</subfield></datafield><datafield ind1=" " ind2=" " tag="300"><subfield code="a">44 leaves :</subfield><subfield code="b">charts ;</subfield><subfield code="c">29 cm.</subfield></datafield><datafield ind1=" " ind2="0" tag="650"><subfield code="a">Cheyenne language</subfield><subfield code="x">Grammar.</subfield></datafield><datafield ind1=" " ind2=" " tag="035"><subfield code="a">(TxDaGIAL)37741100021863</subfield></datafield><controlfield tag="005">20080624160746.0</controlfield><controlfield tag="001">6411</controlfield><controlfield tag="003">TxDaGIAL</controlfield><datafield ind1=" " ind2=" " tag="852"><subfield code="p">37741100021863</subfield><subfield code="a">Library</subfield><subfield code="x">COPYID:7591</subfield><subfield code="x">FSC@aRegular@c19971118</subfield><subfield code="h">497.364 O52n</subfield><subfield code="z">10075</subfield></datafield></record>