
<record><leader>01252cam a22003371i 4500</leader><controlfield tag="008">790302s1928    dcua     b   f00110 eng  </controlfield><datafield ind1=" " ind2=" " tag="010"><subfield code="a">   28026550 //r82</subfield></datafield><datafield ind1=" " ind2=" " tag="040"><subfield code="a">DLC</subfield><subfield code="c">DLC</subfield><subfield code="d">TxDaGIAL</subfield></datafield><datafield ind1=" " ind2=" " tag="043"><subfield code="a">n------</subfield></datafield><datafield ind1="0" ind2=" " tag="050"><subfield code="a">E51</subfield><subfield code="b">.U6 no. 87</subfield></datafield><datafield ind1=" " ind2=" " tag="051"><subfield code="a">E98.D2</subfield><subfield code="b">M6</subfield><subfield code="c">Copy 2.</subfield></datafield><datafield ind1=" " ind2=" " tag="051"><subfield code="a">E99.F7</subfield><subfield code="b">M39</subfield><subfield code="c">Copy 3.</subfield></datafield><datafield ind1="1" ind2="0" tag="100"><subfield code="a">Michelson, Truman,</subfield><subfield code="d">1879-1938.</subfield></datafield><datafield ind1="1" ind2="0" tag="245"><subfield code="a">Notes on the buffalo-head dance of the Thunder gens of the Fox Indians /</subfield><subfield code="c">by Truman Michelson.</subfield></datafield><datafield ind1="0" ind2=" " tag="260"><subfield code="a">Washington, D.C. :</subfield><subfield code="b">U.S. Govt. print. off.,</subfield><subfield code="c">1928.</subfield></datafield><datafield ind1=" " ind2=" " tag="300"><subfield code="a">v, 94 p. :</subfield><subfield code="b">ill. ;</subfield><subfield code="c">24 cm.</subfield></datafield><datafield ind1="1" ind2=" " tag="490"><subfield code="a">Smithsonian Institution. Bureau of American Ethnology. Bulletin ;</subfield><subfield code="v">87</subfield></datafield><datafield ind1=" " ind2=" " tag="500"><subfield code="a">Includes Indian texts.</subfield></datafield><datafield ind1=" " ind2=" " tag="504"><subfield code="a">"List of works cited": p. 92.</subfield></datafield><datafield ind1=" " ind2=" " tag="500"><subfield code="a">Includes index.</subfield></datafield><datafield ind1=" " ind2="0" tag="650"><subfield code="a">Fox dance.</subfield></datafield><datafield ind1=" " ind2="0" tag="650"><subfield code="a">Fox Indians</subfield><subfield code="v">Legends.</subfield></datafield><datafield ind1=" " ind2="0" tag="650"><subfield code="a">Indian dance</subfield><subfield code="z">North America.</subfield></datafield><datafield ind1=" " ind2="0" tag="650"><subfield code="a">Indians of North America</subfield><subfield code="v">Folklore.</subfield></datafield><datafield ind1=" " ind2="0" tag="650"><subfield code="a">Fox language</subfield><subfield code="v">Texts.</subfield></datafield><datafield ind1=" " ind2="0" tag="830"><subfield code="a">Bulletin (Smithsonian Institution. Bureau of American Ethnology) ;</subfield><subfield code="v">87.</subfield></datafield><datafield ind1=" " ind2=" " tag="035"><subfield code="a">(TxDaGIAL)37741100009410</subfield></datafield><controlfield tag="005">20080624160747.0</controlfield><controlfield tag="001">6418</controlfield><controlfield tag="003">TxDaGIAL</controlfield><datafield ind1=" " ind2=" " tag="852"><subfield code="p">37741100009410</subfield><subfield code="a">Library</subfield><subfield code="x">COPYID:7604</subfield><subfield code="x">FSC@aRegular@c19951108</subfield><subfield code="h">306.0805 S664b no.87 1928</subfield><subfield code="z">710</subfield></datafield></record>