
<record><leader>00871Qam a2200253 a 4500</leader><controlfield tag="008">830106s1932    dcua          000 0 eng  </controlfield><datafield ind1=" " ind2=" " tag="010"><subfield code="a">   32026481</subfield></datafield><datafield ind1=" " ind2=" " tag="035"><subfield code="a">(CU-UC)1318414</subfield></datafield><datafield ind1=" " ind2=" " tag="040"><subfield code="a">DLC</subfield><subfield code="c">CarP</subfield><subfield code="d">CU-SC</subfield><subfield code="d">TxDaGIAL</subfield></datafield><datafield ind1="1" ind2=" " tag="100"><subfield code="a">Michelson, Truman,</subfield><subfield code="d">1879-1938.</subfield></datafield><datafield ind1="1" ind2="0" tag="245"><subfield code="a">Notes on the Fox W&#226;pan&#333;wiweni.</subfield></datafield><datafield ind1=" " ind2=" " tag="260"><subfield code="a">Washington :</subfield><subfield code="b">U. S. Govt. print. off.,</subfield><subfield code="c">1932.</subfield></datafield><datafield ind1=" " ind2=" " tag="300"><subfield code="a">v. 195 p. :</subfield><subfield code="b">diagr. ;</subfield><subfield code="c">24 cm.</subfield></datafield><datafield ind1=" " ind2="0" tag="440"><subfield code="a">Smithsonian institution.</subfield><subfield code="p">Bureau of American Ethnology ;</subfield><subfield code="v">bulletin 105</subfield></datafield><datafield ind1=" " ind2=" " tag="504"><subfield code="a">"List of works cited": p.189-191.</subfield></datafield><datafield ind1=" " ind2=" " tag="546"><subfield code="a">English.</subfield></datafield><datafield ind1=" " ind2="0" tag="650"><subfield code="a">Fox language</subfield><subfield code="v">Texts.</subfield></datafield><datafield ind1=" " ind2="0" tag="650"><subfield code="a">Fox Indians</subfield><subfield code="x">Religion.</subfield></datafield><datafield ind1="0" ind2="1" tag="740"><subfield code="a">Fox W"apan"owieni.</subfield></datafield><datafield ind1=" " ind2=" " tag="035"><subfield code="a">(TxDaGIAL)37741100018206</subfield></datafield><controlfield tag="005">20080624160747.0</controlfield><controlfield tag="001">6419</controlfield><controlfield tag="003">TxDaGIAL</controlfield><datafield ind1=" " ind2=" " tag="852"><subfield code="p">37741100018206</subfield><subfield code="a">Library</subfield><subfield code="x">COPYID:7605</subfield><subfield code="x">FSC@aRegular@c19970605</subfield><subfield code="h">306.05 S664b 105 1932</subfield><subfield code="z">728</subfield></datafield></record>