
<record><leader>01111nam a22002651i 4500</leader><controlfield tag="008">941014s1971    ru            000 0 rus d</controlfield><datafield ind1=" " ind2=" " tag="010"><subfield code="a">77-595047</subfield></datafield><datafield ind1=" " ind2=" " tag="040"><subfield code="a">DLC</subfield><subfield code="c">TxDaGIAL</subfield><subfield code="d">TxDaGIAL</subfield></datafield><datafield ind1=" " ind2=" " tag="050"><subfield code="a">PG2691</subfield><subfield code="b">.N6</subfield></datafield><datafield ind1="0" ind2="0" tag="245"><subfield code="a">Novye slova i znacheniia. :</subfield><subfield code="b">Slovar-spravochnik po materialam pressy i literatury 60-kh gg. /</subfield><subfield code="c">Pod red. [i s predisl.] N. Z. Kotelovoi i IU. S. Sorokina.</subfield></datafield><datafield ind1=" " ind2=" " tag="260"><subfield code="a">Moskva :</subfield><subfield code="b">Sovetskaia entsiklopediia,</subfield><subfield code="c">1971.</subfield></datafield><datafield ind1=" " ind2=" " tag="300"><subfield code="a">543 p. ;</subfield><subfield code="c">20 cm.</subfield></datafield><datafield ind1=" " ind2=" " tag="500"><subfield code="a">In Cyrillic characters.</subfield></datafield><datafield ind1=" " ind2=" " tag="500"><subfield code="a">At head of title: Akademiia nauk SSSR. Institut russkogo iazyka.</subfield></datafield><datafield ind1=" " ind2="0" tag="650"><subfield code="a">Russian language</subfield><subfield code="x">New words.</subfield></datafield><datafield ind1=" " ind2="0" tag="650"><subfield code="a">Russian language</subfield><subfield code="v">Dictionaries.</subfield></datafield><datafield ind1=" " ind2="0" tag="650"><subfield code="a">Words, New</subfield><subfield code="x">Russian.</subfield></datafield><datafield ind1="1" ind2="0" tag="700"><subfield code="a">Kotelova, Nadezhda Zakharovna,</subfield><subfield code="e">ed.</subfield></datafield><datafield ind1="1" ind2="0" tag="700"><subfield code="a">Sorokin, &#65056;I&#65057;U. S.,</subfield><subfield code="e">ed.</subfield></datafield><datafield ind1="2" ind2="0" tag="710"><subfield code="a">Institut russkogo &#65056;i&#65057;azyka (Akademi&#65056;i&#65057;a nauk SSSR)</subfield></datafield><datafield ind1=" " ind2=" " tag="035"><subfield code="a">(TxDaGIAL)37741100000477</subfield></datafield><controlfield tag="005">20080624160752.0</controlfield><controlfield tag="001">6437</controlfield><controlfield tag="003">TxDaGIAL</controlfield><datafield ind1=" " ind2=" " tag="852"><subfield code="p">37741100000477</subfield><subfield code="a">Library</subfield><subfield code="b">Francis I. Andersen</subfield><subfield code="9">$0.00</subfield><subfield code="x">COPYID:7633</subfield><subfield code="x">FSC@aRegular@c19941014</subfield><subfield code="h">491.703 N945n 1971</subfield><subfield code="z">F.I. Andersen gift</subfield></datafield></record>