
<record><leader>00866nam a2200229 a 4500</leader><controlfield tag="008">971007s1988    txu           000 0 eng d</controlfield><datafield ind1=" " ind2=" " tag="040"><subfield code="a">TxArU</subfield><subfield code="c">TxDaGIAL</subfield><subfield code="d">TxDaGIAL</subfield></datafield><datafield ind1="1" ind2=" " tag="100"><subfield code="a">Yen, Sharon H. J. Hsu,</subfield><subfield code="d">1955-</subfield></datafield><datafield ind1="1" ind2="0" tag="245"><subfield code="a">NP-traces in Chinese :</subfield><subfield code="b">a GB approach /</subfield><subfield code="c">by Sharon H.J. Hsu Yen.</subfield></datafield><datafield ind1=" " ind2=" " tag="260"><subfield code="c">1988.</subfield></datafield><datafield ind1=" " ind2=" " tag="300"><subfield code="a">viii, 147 leaves ;</subfield><subfield code="c">29 cm.</subfield></datafield><datafield ind1=" " ind2=" " tag="502"><subfield code="a">Thesis (M.A.)--University of Texas at Arlington, 1988.</subfield></datafield><datafield ind1=" " ind2=" " tag="504"><subfield code="a">Bibliography: leaves 144-147.</subfield></datafield><datafield ind1=" " ind2="0" tag="650"><subfield code="a">Chinese language</subfield><subfield code="x">Syntax.</subfield></datafield><datafield ind1=" " ind2="0" tag="650"><subfield code="a">Grammar, Comparative and general</subfield><subfield code="x">Noun phrase.</subfield></datafield><datafield ind1=" " ind2="0" tag="650"><subfield code="a">Government-binding theory (Linguistics0.</subfield></datafield><datafield ind1="2" ind2="0" tag="610"><subfield code="a">University of Texas at Arlington</subfield><subfield code="x">Dissertations.</subfield></datafield><datafield ind1=" " ind2=" " tag="035"><subfield code="a">(TxDaGIAL)37741100020869</subfield></datafield><controlfield tag="005">20080624160753.0</controlfield><controlfield tag="001">6441</controlfield><controlfield tag="003">TxDaGIAL</controlfield><datafield ind1=" " ind2=" " tag="852"><subfield code="p">37741100020869</subfield><subfield code="a">Library</subfield><subfield code="x">COPYID:7637</subfield><subfield code="x">FSC@aRegular@c19971010</subfield><subfield code="h">495.1 Y45n 1988</subfield><subfield code="z">13653</subfield></datafield></record>