
<record><leader>01261nam a2200253 i 4500</leader><controlfield tag="008">960409s1995    ilua          001 0 eng d</controlfield><datafield ind1=" " ind2=" " tag="020"><subfield code="a">0844207314 :</subfield><subfield code="c">$49.95</subfield></datafield><datafield ind1=" " ind2=" " tag="040"><subfield code="a">ILU</subfield><subfield code="c">ILU</subfield><subfield code="d">TxDaGIAL</subfield></datafield><datafield ind1="0" ind2=" " tag="041"><subfield code="a">engmul</subfield></datafield><datafield ind1="0" ind2="0" tag="245"><subfield code="a">NTC's multilingual dictionary of American sign language /</subfield><subfield code="c">[compiled and edited by] Claude O. Proctor; illustrated by Tony Landon McGregor.</subfield></datafield><datafield ind1=" " ind2=" " tag="260"><subfield code="a">Lincolnwood, Ill :</subfield><subfield code="b">National Textbook Co.,</subfield><subfield code="c">c1995.</subfield></datafield><datafield ind1=" " ind2=" " tag="300"><subfield code="a">xiii, 767 p. :</subfield><subfield code="b">ill. 26 cm.</subfield></datafield><datafield ind1=" " ind2=" " tag="500"><subfield code="a">Includes indexes.</subfield></datafield><datafield ind1=" " ind2=" " tag="500"><subfield code="a">"Contains ... 2,500 entries in Arabic, Chinese, Dutch, English, French, German, Italian, Japanese, Korean, Portuguese, Russian, Spanish, and Swedish -- each illustrated with appropriate representation in American Sign Language" --P. ix.</subfield></datafield><datafield ind1=" " ind2="0" tag="650"><subfield code="a">American Sign Language</subfield><subfield code="v">Dictionaries</subfield><subfield code="x">Polyglot.</subfield></datafield><datafield ind1="1" ind2="0" tag="700"><subfield code="a">Proctor, Claude O.</subfield></datafield><datafield ind1="1" ind2="0" tag="700"><subfield code="a">McGregor, Tony Landon.</subfield></datafield><datafield ind1="0" ind2="1" tag="740"><subfield code="a">Multilingual dictionary of American sign language.</subfield></datafield><datafield ind1="0" ind2="1" tag="740"><subfield code="a">National Textbook Company's multilingual dictionary of American sign language.</subfield></datafield><datafield ind1=" " ind2=" " tag="035"><subfield code="a">(TxDaGIAL)37741100010665</subfield></datafield><controlfield tag="005">20080624160753.0</controlfield><controlfield tag="001">6442</controlfield><controlfield tag="003">TxDaGIAL</controlfield><datafield ind1=" " ind2=" " tag="852"><subfield code="p">37741100010665</subfield><subfield code="a">Library</subfield><subfield code="9">$43.46</subfield><subfield code="x">FUND:Ling</subfield><subfield code="x">COPYID:7638</subfield><subfield code="x">FSC@aRegular@c19960410</subfield><subfield code="h">419.03 N961p 1995</subfield><subfield code="z">B/T 2-96</subfield></datafield></record>