
<record><leader>00676ntm a2200181 a 4500</leader><controlfield tag="008">971001s1970    xxu           000 0 eng d</controlfield><datafield ind1=" " ind2=" " tag="040"><subfield code="a">TxDaGIAL</subfield><subfield code="c">TxDaGIAL</subfield></datafield><datafield ind1="1" ind2=" " tag="100"><subfield code="a">Wilson, Nancy Freiberger.</subfield></datafield><datafield ind1="1" ind2="0" tag="245"><subfield code="a">Nung clause structure, Nung sentence structure, Nung sentences, Phonemic sketch of Nung</subfield><subfield code="h">[manuscript] /</subfield><subfield code="c">by Nancy Freiberger.</subfield></datafield><datafield ind1=" " ind2=" " tag="260"><subfield code="c">1970?.</subfield></datafield><datafield ind1=" " ind2=" " tag="300"><subfield code="a">iv, 46, 47, [8] leaves :</subfield><subfield code="b">ill. ;</subfield><subfield code="c">29 cm.</subfield></datafield><datafield ind1=" " ind2=" " tag="504"><subfield code="a">Includes bibliographical references.</subfield></datafield><datafield ind1=" " ind2="0" tag="650"><subfield code="a">Tay-Nung language.</subfield></datafield><datafield ind1=" " ind2=" " tag="035"><subfield code="a">(TxDaGIAL)37741100020748</subfield></datafield><controlfield tag="005">20080624160755.0</controlfield><controlfield tag="001">6456</controlfield><controlfield tag="003">TxDaGIAL</controlfield><datafield ind1=" " ind2=" " tag="852"><subfield code="p">37741100020748</subfield><subfield code="a">Library</subfield><subfield code="x">COPYID:7653</subfield><subfield code="x">FSC@aRegular@c19971003</subfield><subfield code="h">495.91 W751n 1970</subfield><subfield code="z">7760</subfield></datafield></record>