
<record><leader>00586ntm a2200181 a 4500</leader><controlfield tag="008">971001s1970    xxu           000 0 eng d</controlfield><datafield ind1=" " ind2=" " tag="040"><subfield code="a">TxDaGIAL</subfield><subfield code="c">TxDaGIAL</subfield></datafield><datafield ind1="1" ind2=" " tag="100"><subfield code="a">Saul, Janice E.</subfield></datafield><datafield ind1="1" ind2="0" tag="245"><subfield code="a">Nung verb phrase</subfield><subfield code="h">[manuscript] /</subfield><subfield code="c">by Janice E. Saul.</subfield></datafield><datafield ind1=" " ind2=" " tag="260"><subfield code="c">1970?.</subfield></datafield><datafield ind1=" " ind2=" " tag="300"><subfield code="a">40, [x] leaves :</subfield><subfield code="b">ill. ;</subfield><subfield code="c">29 cm.</subfield></datafield><datafield ind1=" " ind2=" " tag="504"><subfield code="a">Includes bibliographical references.</subfield></datafield><datafield ind1=" " ind2="0" tag="650"><subfield code="a">Tay-Nung language.</subfield></datafield><datafield ind1=" " ind2=" " tag="035"><subfield code="a">(TxDaGIAL)37741100020749</subfield></datafield><controlfield tag="005">20080624160755.0</controlfield><controlfield tag="001">6457</controlfield><controlfield tag="003">TxDaGIAL</controlfield><datafield ind1=" " ind2=" " tag="852"><subfield code="p">37741100020749</subfield><subfield code="a">Library</subfield><subfield code="x">COPYID:7654</subfield><subfield code="x">FSC@aRegular@c19971003</subfield><subfield code="h">495.91 S256n 1970</subfield><subfield code="z">13284</subfield></datafield></record>