
<record><leader>01286nam a2200277 a 4500</leader><controlfield tag="008">901203s1989    io a         f000 0 paa  </controlfield><datafield ind1=" " ind2=" " tag="010"><subfield code="a">   90940623</subfield></datafield><datafield ind1=" " ind2=" " tag="040"><subfield code="a">DLC</subfield><subfield code="c">DLC</subfield></datafield><datafield ind1="0" ind2=" " tag="041"><subfield code="a">paaengind</subfield></datafield><datafield ind1="0" ind2="0" tag="050"><subfield code="a">PL5323.Z95</subfield><subfield code="b">A25 1989</subfield></datafield><datafield ind1="1" ind2=" " tag="100"><subfield code="a">Ipol, Robinson.</subfield></datafield><datafield ind1="1" ind2="0" tag="240"><subfield code="a">O Galelaka yomatekebobicara.</subfield><subfield code="l">Polyglot.</subfield></datafield><datafield ind1="1" ind2="0" tag="245"><subfield code="a">O Galelaka yomatekebobicara =</subfield><subfield code="b">Percakapan-percakapan bahasa Galela = Galela conversations /</subfield><subfield code="c">ditulis oleh Robinson Ipol, Josafat Etha, Deidre Shelden ; di-Indonesiakan oleh A.J. Ajawaila, A.S. Lumbessy ; di-Inggeriskan oleh Deidre Shelden, Howard Shelden ; tatabahasa oleh Howard Shelden, J. Tetelepta.</subfield></datafield><datafield ind1=" " ind2=" " tag="260"><subfield code="a">Ambon, Maluku, Indonesia :</subfield><subfield code="b">Universitas Pattimura :</subfield><subfield code="b">Summer Institute of Linguistics,</subfield><subfield code="c">1989.</subfield></datafield><datafield ind1=" " ind2=" " tag="300"><subfield code="a">xxi, 149 p., [1] p. of plates :</subfield><subfield code="b">ill. ;</subfield><subfield code="c">21 cm.</subfield></datafield><datafield ind1=" " ind2=" " tag="500"><subfield code="a">In Galela, with translation in English and Indonesian.</subfield></datafield><datafield ind1=" " ind2="0" tag="650"><subfield code="a">Galela language</subfield><subfield code="v">Conversation and phrase books</subfield><subfield code="x">Polyglot.</subfield></datafield><datafield ind1="1" ind2="0" tag="700"><subfield code="a">Etha, Yosafat.</subfield></datafield><datafield ind1="1" ind2="0" tag="700"><subfield code="a">Shelden, Deidre.</subfield></datafield><datafield ind1="0" ind2="1" tag="740"><subfield code="a">Percakapan-percakapan bahasa Galela.</subfield></datafield><datafield ind1="0" ind2="1" tag="740"><subfield code="a">Galela conversations.</subfield></datafield><datafield ind1=" " ind2=" " tag="035"><subfield code="a">(TxDaGIAL)37741100014482</subfield></datafield><controlfield tag="005">20080624160757.0</controlfield><controlfield tag="001">6464</controlfield><controlfield tag="003">TxDaGIAL</controlfield><datafield ind1=" " ind2=" " tag="852"><subfield code="p">37741100014482</subfield><subfield code="a">Library</subfield><subfield code="x">COPYID:7661</subfield><subfield code="x">FSC@aRegular@c19970116</subfield><subfield code="h">499.224 S544o 1989</subfield><subfield code="z">4-90</subfield></datafield></record>