
<record><leader>00769nam a22002171i 4500</leader><controlfield tag="008">940923s1962    txu           000 0 eng d</controlfield><datafield ind1=" " ind2=" " tag="040"><subfield code="c">TxDaGIAL</subfield><subfield code="d">TxDaGIAL</subfield></datafield><datafield ind1=" " ind2=" " tag="050"><subfield code="a">PM4069</subfield><subfield code="b">.L3</subfield></datafield><datafield ind1="1" ind2=" " tag="100"><subfield code="a">Law, Howard W.</subfield></datafield><datafield ind1="1" ind2="0" tag="245"><subfield code="a">Obligatory constructions of Isthmus Nahuat grammar /</subfield><subfield code="c">by Howard William Law.</subfield></datafield><datafield ind1=" " ind2=" " tag="260"><subfield code="c">1962.</subfield></datafield><datafield ind1=" " ind2=" " tag="300"><subfield code="a">viii, 106, [ii] leaves ;</subfield><subfield code="c">28 cm.</subfield></datafield><datafield ind1=" " ind2=" " tag="502"><subfield code="a">Thesis (Ph. D.)--University of Texas, 1962.</subfield></datafield><datafield ind1=" " ind2=" " tag="504"><subfield code="a">Bibliography: p. 106.</subfield></datafield><datafield ind1=" " ind2="0" tag="650"><subfield code="a">Nahuatl language</subfield><subfield code="x">Dialects</subfield><subfield code="z">Vera Cruz (State)</subfield></datafield><datafield ind1="2" ind2="0" tag="610"><subfield code="a">University of Texas.</subfield><subfield code="b">Graduate School.</subfield></datafield><datafield ind1=" " ind2=" " tag="035"><subfield code="a">(TxDaGIAL)37741100000314</subfield></datafield><controlfield tag="005">20080624160757.0</controlfield><controlfield tag="001">6467</controlfield><controlfield tag="003">TxDaGIAL</controlfield><datafield ind1=" " ind2=" " tag="852"><subfield code="p">37741100000314</subfield><subfield code="a">Library</subfield><subfield code="9">$0.00</subfield><subfield code="x">COPYID:7664</subfield><subfield code="x">FSC@aRegular@c19940923</subfield><subfield code="h">497.45 L415o 1962</subfield><subfield code="z">2292</subfield></datafield></record>