
<record><leader>00828nam a22002411i 4500</leader><controlfield tag="008">940923s1966    ne            001 0 eng d</controlfield><datafield ind1=" " ind2=" " tag="010"><subfield code="a">66-31273</subfield></datafield><datafield ind1=" " ind2=" " tag="040"><subfield code="a">DLC</subfield><subfield code="d">TxDaGIAL</subfield></datafield><datafield ind1=" " ind2=" " tag="050"><subfield code="a">PM4069</subfield><subfield code="b">.L3</subfield></datafield><datafield ind1="1" ind2=" " tag="100"><subfield code="a">Law, Howard W.</subfield></datafield><datafield ind1="1" ind2="0" tag="245"><subfield code="a">Obligatory constructions of Isthmus Nahuat grammar /</subfield><subfield code="c">by Howard William Law.</subfield></datafield><datafield ind1=" " ind2=" " tag="260"><subfield code="c">1966 ;</subfield><subfield code="a">The Hague :</subfield><subfield code="b">Mouton.</subfield></datafield><datafield ind1=" " ind2=" " tag="300"><subfield code="a">73 p. ;</subfield><subfield code="c">26 cm.</subfield></datafield><datafield ind1=" " ind2=" " tag="502"><subfield code="a">Thesis (Ph.D)--University of Texas, 1962.</subfield></datafield><datafield ind1=" " ind2=" " tag="504"><subfield code="a">Bibliography: [p. 71].</subfield></datafield><datafield ind1=" " ind2=" " tag="500"><subfield code="a">Includes index.</subfield></datafield><datafield ind1=" " ind2="0" tag="650"><subfield code="a">Nahuatl language</subfield><subfield code="x">Dialects</subfield><subfield code="z">Vera Cruz (State)</subfield></datafield><datafield ind1=" " ind2="0" tag="830"><subfield code="a">Janua linguarum.</subfield><subfield code="p">Series practica ;</subfield><subfield code="v">29.</subfield></datafield><datafield ind1=" " ind2=" " tag="035"><subfield code="a">(TxDaGIAL)37741100000313</subfield></datafield><controlfield tag="005">20080624160758.0</controlfield><controlfield tag="001">6468</controlfield><controlfield tag="003">TxDaGIAL</controlfield><datafield ind1=" " ind2=" " tag="852"><subfield code="p">37741100000313</subfield><subfield code="a">Library</subfield><subfield code="9">$0.00</subfield><subfield code="x">COPYID:7665</subfield><subfield code="x">FSC@aRegular@c19940923</subfield><subfield code="h">497.45 L415o 1966</subfield><subfield code="z">2714</subfield></datafield></record>