
<record><leader>00961cam a2200253Ia 4500</leader><controlfield tag="008">811026s1959    ru       b   o000 0 rusr </controlfield><datafield ind1=" " ind2=" " tag="010"><subfield code="a">   60017970</subfield></datafield><datafield ind1=" " ind2=" " tag="035"><subfield code="a">(CU-UC)2247018</subfield></datafield><datafield ind1=" " ind2=" " tag="040"><subfield code="a">DLC</subfield><subfield code="c">AZU</subfield><subfield code="d">AZU</subfield><subfield code="d">CRL</subfield></datafield><datafield ind1="0" ind2="0" tag="050"><subfield code="a">PK8071</subfield><subfield code="b">.K8</subfield></datafield><datafield ind1="1" ind2=" " tag="100"><subfield code="a">Kusikyan, H. K.</subfield></datafield><datafield ind1="1" ind2="0" tag="245"><subfield code="a">Ocherki istoricheskogo sintaksisa literaturnogo arm&#65056;i&#65057;anskogo &#65056;i&#65057;azyka /</subfield><subfield code="c">I.K. Kusik&#697;&#65056;i&#65057;an.</subfield></datafield><datafield ind1=" " ind2=" " tag="260"><subfield code="a">Moskva :</subfield><subfield code="b">Izd-vo Akademii nauk SSSR,</subfield><subfield code="c">1959.</subfield></datafield><datafield ind1=" " ind2=" " tag="300"><subfield code="a">163 p. ;</subfield><subfield code="c">27 cm.</subfield></datafield><datafield ind1=" " ind2=" " tag="500"><subfield code="a">At head of title: Akademi&#65056;i&#65057;a nauk SSSR. Institut &#65056;i&#65057;azykoznani&#65056;i&#65057;a.</subfield></datafield><datafield ind1=" " ind2=" " tag="504"><subfield code="a">Includes bibliographical references (p. 155-162).</subfield></datafield><datafield ind1=" " ind2=" " tag="546"><subfield code="a">Russian.</subfield></datafield><datafield ind1=" " ind2="0" tag="650"><subfield code="a">Armenian language</subfield><subfield code="x">Syntax.</subfield></datafield><datafield ind1="2" ind2="0" tag="710"><subfield code="a">Institut &#65056;i&#65057;azykoznani&#65056;i&#65057;a (Akademi&#65056;i&#65057;a nauk SSSR)</subfield></datafield><datafield ind1=" " ind2=" " tag="035"><subfield code="a">(TxDaGIAL)37741100018975</subfield></datafield><controlfield tag="005">20080624160800.0</controlfield><controlfield tag="001">6483</controlfield><controlfield tag="003">TxDaGIAL</controlfield><datafield ind1=" " ind2=" " tag="852"><subfield code="p">37741100018975</subfield><subfield code="a">Library</subfield><subfield code="x">COPYID:7682</subfield><subfield code="x">FSC@aRegular@c19970714</subfield><subfield code="h">491.992 K97o 1959</subfield></datafield></record>