
<record><leader>01011cam a2200277 i 4500</leader><controlfield tag="008">760704s1977    dcua     b   f00000 eng  </controlfield><datafield ind1=" " ind2=" " tag="010"><subfield code="a">   76608180</subfield></datafield><datafield ind1=" " ind2=" " tag="040"><subfield code="a">DLC</subfield><subfield code="c">DLC</subfield><subfield code="d">TxDaGIAL</subfield></datafield><datafield ind1="0" ind2=" " tag="041"><subfield code="a">engmyn</subfield></datafield><datafield ind1=" " ind2=" " tag="043"><subfield code="a">n-mx---</subfield></datafield><datafield ind1="0" ind2=" " tag="050"><subfield code="a">GN1</subfield><subfield code="b">.S54 no. 23</subfield><subfield code="a">F1221.T9</subfield></datafield><datafield ind1=" " ind2=" " tag="082"><subfield code="a">398.2</subfield></datafield><datafield ind1="0" ind2=" " tag="086"><subfield code="a">SI 1.33:23</subfield></datafield><datafield ind1="0" ind2="0" tag="245"><subfield code="a">Of cabbages and kings :</subfield><subfield code="b">tales from Zinacant&#225;n /</subfield><subfield code="c">[compiled by] Robert M. Laughlin.</subfield></datafield><datafield ind1="0" ind2=" " tag="260"><subfield code="a">Washington :</subfield><subfield code="b">Smithsonian Institution Press : for sale by the Supt. of Docs., U.S. Govt. Print.  Off.,</subfield><subfield code="c">1977.</subfield></datafield><datafield ind1=" " ind2=" " tag="300"><subfield code="a">x, 427 p. :</subfield><subfield code="b">ill. ;</subfield><subfield code="c">30 cm.</subfield></datafield><datafield ind1=" " ind2="0" tag="440"><subfield code="a">Smithsonian contributions to anthropology ;</subfield><subfield code="v">no. 23</subfield></datafield><datafield ind1=" " ind2=" " tag="504"><subfield code="a">Bibliography: p. 414-419.</subfield></datafield><datafield ind1=" " ind2="0" tag="650"><subfield code="a">Tzotzil Indians</subfield><subfield code="v">Legends.</subfield></datafield><datafield ind1=" " ind2="0" tag="650"><subfield code="a">Tzotzil language</subfield><subfield code="v">Texts.</subfield></datafield><datafield ind1="1" ind2="0" tag="700"><subfield code="a">Laughlin, Robert M.</subfield></datafield><datafield ind1=" " ind2=" " tag="035"><subfield code="a">(TxDaGIAL)37741100011596</subfield></datafield><controlfield tag="005">20080624160801.0</controlfield><controlfield tag="001">6485</controlfield><controlfield tag="003">TxDaGIAL</controlfield><datafield ind1=" " ind2=" " tag="852"><subfield code="p">37741100011596</subfield><subfield code="a">Library</subfield><subfield code="9">$0.00</subfield><subfield code="x">COPYID:7685</subfield><subfield code="x">FSC@aRegular@c19971128</subfield><subfield code="h">398.208997 L374o 1977</subfield><subfield code="z">Exchange 9869</subfield></datafield></record>