
<record><leader>01062cam a2200277 i 4500</leader><controlfield tag="008">780315s1980    dcua     b    00110 eng  </controlfield><datafield ind1=" " ind2=" " tag="010"><subfield code="a">   78606191 //r933</subfield></datafield><datafield ind1=" " ind2=" " tag="040"><subfield code="a">DLC</subfield><subfield code="c">DLC</subfield><subfield code="d">DLC</subfield></datafield><datafield ind1=" " ind2=" " tag="043"><subfield code="a">n-mx---</subfield><subfield code="a">n-us---</subfield></datafield><datafield ind1="0" ind2="0" tag="050"><subfield code="a">GN1</subfield><subfield code="b">.S54 no. 25</subfield><subfield code="a">F1221.T9</subfield></datafield><datafield ind1="0" ind2="0" tag="082"><subfield code="a">301.2/08 s</subfield><subfield code="a">970/.004/97</subfield><subfield code="2">19</subfield></datafield><datafield ind1="1" ind2="0" tag="100"><subfield code="a">Laughlin, Robert M.</subfield></datafield><datafield ind1="1" ind2="0" tag="245"><subfield code="a">Of shoes and ships and sealing wax :</subfield><subfield code="b">sundries from Zinacant&#225;n /</subfield><subfield code="c">Robert M. Laughlin.</subfield></datafield><datafield ind1="0" ind2=" " tag="260"><subfield code="a">Washington :</subfield><subfield code="b">Smithsonian Institution Press,</subfield><subfield code="c">1980.</subfield></datafield><datafield ind1=" " ind2=" " tag="300"><subfield code="a">v, 285 p., [1] leaf of plates :</subfield><subfield code="b">ill. ;</subfield><subfield code="c">30 cm.</subfield></datafield><datafield ind1=" " ind2="0" tag="440"><subfield code="a">Smithsonian contributions to anthropology ;</subfield><subfield code="v">no. 25</subfield></datafield><datafield ind1=" " ind2=" " tag="504"><subfield code="a">Bibliography: p. 285.</subfield></datafield><datafield ind1=" " ind2="0" tag="650"><subfield code="a">Tzotzil Indians.</subfield></datafield><datafield ind1=" " ind2="0" tag="650"><subfield code="a">Tzotzil language</subfield><subfield code="v">Texts.</subfield></datafield><datafield ind1=" " ind2="0" tag="651"><subfield code="a">United States</subfield><subfield code="x">Description and travel.</subfield></datafield><datafield ind1=" " ind2="0" tag="651"><subfield code="a">Zinacant&#225;n (Mexico)</subfield><subfield code="x">Social life and customs.</subfield></datafield><datafield ind1=" " ind2=" " tag="035"><subfield code="a">(TxDaGIAL)37741100011598</subfield></datafield><controlfield tag="005">20080624160801.0</controlfield><controlfield tag="001">6486</controlfield><controlfield tag="003">TxDaGIAL</controlfield><datafield ind1=" " ind2=" " tag="852"><subfield code="p">37741100011598</subfield><subfield code="a">Library</subfield><subfield code="9">$0.00</subfield><subfield code="x">COPYID:7686</subfield><subfield code="x">FSC@aRegular@c19960528</subfield><subfield code="h">970.00497 L374o 1980</subfield><subfield code="z">Exchange 6470</subfield></datafield></record>