
<record><leader>00763nam a2200217 a 4500</leader><controlfield tag="008">970403s1975    txu           000 0 eng d</controlfield><datafield ind1=" " ind2=" " tag="040"><subfield code="a">TxDaGIAL</subfield><subfield code="c">TxDaGIAL</subfield></datafield><datafield ind1="1" ind2=" " tag="100"><subfield code="a">Rex, Eileen E.</subfield></datafield><datafield ind1="1" ind2="0" tag="245"><subfield code="a">On Cat&#237;o grammar /</subfield><subfield code="c">by Eileen Elizabeth Rex.</subfield></datafield><datafield ind1=" " ind2=" " tag="260"><subfield code="c">1975.</subfield></datafield><datafield ind1=" " ind2=" " tag="300"><subfield code="a">vi, 84 leaves ;</subfield><subfield code="c">29 cm.</subfield></datafield><datafield ind1=" " ind2=" " tag="500"><subfield code="a">On Cat&#237;o grammar.</subfield></datafield><datafield ind1=" " ind2=" " tag="502"><subfield code="a">Thesis (M.A.)--University of Texas at Arlington, 1975.</subfield></datafield><datafield ind1=" " ind2=" " tag="504"><subfield code="a">Includes bibliographic references (leaf 83).</subfield></datafield><datafield ind1=" " ind2="0" tag="650"><subfield code="a">Catio language</subfield><subfield code="x">Grammar.</subfield></datafield><datafield ind1=" " ind2="0" tag="650"><subfield code="a">Indians of South America</subfield><subfield code="z">Colombia</subfield><subfield code="x">Languages.</subfield></datafield><datafield ind1=" " ind2=" " tag="035"><subfield code="a">(TxDaGIAL)37741100016563</subfield></datafield><controlfield tag="005">20080624160807.0</controlfield><controlfield tag="001">6508</controlfield><controlfield tag="003">TxDaGIAL</controlfield><datafield ind1=" " ind2=" " tag="852"><subfield code="p">37741100016563</subfield><subfield code="a">Library</subfield><subfield code="9">$0.00</subfield><subfield code="x">COPYID:7713</subfield><subfield code="x">FSC@aRegular@c19970324</subfield><subfield code="h">498.2 R455o 1975</subfield><subfield code="z">author gift</subfield></datafield></record>