
<record><leader>00920nam a2200265Ii 4500</leader><controlfield tag="008">741106 1967    inua          0 0 0 engmu</controlfield><datafield ind1=" " ind2=" " tag="010"><subfield code="a">   66064930</subfield></datafield><datafield ind1=" " ind2=" " tag="035"><subfield code="a">(CU-UC)dlaisn2466267</subfield></datafield><datafield ind1=" " ind2=" " tag="040"><subfield code="c">IUA</subfield><subfield code="d">m.c.</subfield><subfield code="d">CLU</subfield></datafield><datafield ind1="0" ind2=" " tag="050"><subfield code="a">PH2390</subfield><subfield code="b">.K5</subfield></datafield><datafield ind1="1" ind2="0" tag="100"><subfield code="a">Kiefer, Ferenc.</subfield></datafield><datafield ind1="1" ind2="0" tag="245"><subfield code="a">On emphasis and word order in Hungarian.</subfield></datafield><datafield ind1="0" ind2=" " tag="260"><subfield code="a">Bloomington :</subfield><subfield code="b">Indiana University,</subfield><subfield code="c">[1967]</subfield></datafield><datafield ind1=" " ind2=" " tag="300"><subfield code="a">vii, 243 p. :</subfield><subfield code="b">illus. ;</subfield><subfield code="c">23 cm.</subfield></datafield><datafield ind1="1" ind2=" " tag="490"><subfield code="a">Indiana University publications. Uralic and Altaic series, v. 76</subfield></datafield><datafield ind1=" " ind2=" " tag="504"><subfield code="a">Bibliography: p. [241]-243.</subfield></datafield><datafield ind1=" " ind2=" " tag="546"><subfield code="a">English.</subfield></datafield><datafield ind1=" " ind2="0" tag="650"><subfield code="a">Hungarian language</subfield><subfield code="x">Accents and accentuation.</subfield></datafield><datafield ind1=" " ind2="0" tag="650"><subfield code="a">Hungarian language</subfield><subfield code="x">Word order.</subfield></datafield><datafield ind1=" " ind2="0" tag="830"><subfield code="a">Uralic and Altaic series ;</subfield><subfield code="v">v. 76.</subfield></datafield><datafield ind1=" " ind2=" " tag="035"><subfield code="a">(TxDaGIAL)37741100014723</subfield></datafield><controlfield tag="005">20080624160809.0</controlfield><controlfield tag="001">6515</controlfield><controlfield tag="003">TxDaGIAL</controlfield><datafield ind1=" " ind2=" " tag="852"><subfield code="p">37741100014723</subfield><subfield code="a">Library</subfield><subfield code="x">COPYID:7720</subfield><subfield code="x">FSC@aRegular@c19970127</subfield><subfield code="h">494.511 K47o 1967</subfield><subfield code="z">3478</subfield></datafield></record>