
<record><leader>01286cam a2200337 i 4500</leader><controlfield tag="008">800416s1979    miu      b    00010 eng  </controlfield><datafield ind1=" " ind2=" " tag="010"><subfield code="a">   79125428 //r842</subfield></datafield><datafield ind1=" " ind2=" " tag="020"><subfield code="a">0897200055</subfield></datafield><datafield ind1=" " ind2=" " tag="020"><subfield code="a">0897200063 (pbk.)</subfield></datafield><datafield ind1=" " ind2=" " tag="040"><subfield code="a">DLC</subfield><subfield code="c">DLC</subfield></datafield><datafield ind1="1" ind2=" " tag="041"><subfield code="a">engdut</subfield></datafield><datafield ind1="0" ind2=" " tag="050"><subfield code="a">PF714</subfield><subfield code="b">.H4 1979</subfield></datafield><datafield ind1=" " ind2=" " tag="082"><subfield code="a">417/.2</subfield></datafield><datafield ind1="1" ind2="0" tag="100"><subfield code="a">Hesseling, D. C.</subfield><subfield code="q">(Dirk Christiaan),</subfield><subfield code="d">1859-1941.</subfield></datafield><datafield ind1="1" ind2="0" tag="245"><subfield code="a">On the origin and formation of Creoles :</subfield><subfield code="b">a miscellany of articles /</subfield><subfield code="c">by Dirk Christiaan Hesseling ; edited and translated by T. L. Markey and Paul T. Roberge ; introd. by Pieter Muysken and Guus Meijer.</subfield></datafield><datafield ind1="0" ind2=" " tag="260"><subfield code="a">Ann Arbor :</subfield><subfield code="b">Karoma Publishers,</subfield><subfield code="c">1979.</subfield></datafield><datafield ind1=" " ind2=" " tag="300"><subfield code="a">xxi, 91 p. ;</subfield><subfield code="c">24 cm.</subfield></datafield><datafield ind1=" " ind2="0" tag="440"><subfield code="a">Linguistica extranea.</subfield><subfield code="p">Studia ;</subfield><subfield code="v">4</subfield></datafield><datafield ind1=" " ind2=" " tag="504"><subfield code="a">Bibliography: p. [83]-91.</subfield></datafield><datafield ind1=" " ind2="0" tag="650"><subfield code="a">Dutch language</subfield><subfield code="x">Foreign countries.</subfield></datafield><datafield ind1=" " ind2="0" tag="650"><subfield code="a">Languages in contact.</subfield></datafield><datafield ind1=" " ind2="0" tag="650"><subfield code="a">Pidgin Dutch.</subfield></datafield><datafield ind1=" " ind2="0" tag="650"><subfield code="a">Creole dialects, Dutch.</subfield></datafield><datafield ind1="1" ind2="0" tag="700"><subfield code="a">Markey, Thomas L.</subfield></datafield><datafield ind1="1" ind2="0" tag="700"><subfield code="a">Roberge, Paul T.</subfield></datafield><datafield ind1=" " ind2=" " tag="035"><subfield code="a">(TxDaGIAL)37741100003866</subfield></datafield><controlfield tag="005">20080624160814.0</controlfield><controlfield tag="001">6544</controlfield><controlfield tag="003">TxDaGIAL</controlfield><datafield ind1=" " ind2=" " tag="852"><subfield code="p">37741100003866</subfield><subfield code="a">Library</subfield><subfield code="x">COPYID:7753</subfield><subfield code="x">FSC@aRegular@c19950427</subfield><subfield code="h">417.22 H587o 1979</subfield><subfield code="z">5842</subfield></datafield><datafield ind1=" " ind2=" " tag="852"><subfield code="p">37741100003867</subfield><subfield code="a">Library</subfield><subfield code="x">COPYID:7754</subfield><subfield code="x">FSC@aRegular@c19950427</subfield><subfield code="h">417.22 H587o 1979</subfield><subfield code="z">9447</subfield></datafield></record>