
<record><leader>00696nam a2200193 i 4500</leader><controlfield tag="008">960509s1981    inu     r     000 0 eng d</controlfield><datafield ind1=" " ind2=" " tag="040"><subfield code="a">TxDaGIAL</subfield><subfield code="c">TxDaGIAL</subfield></datafield><datafield ind1="0" ind2="4" tag="082"><subfield code="a">499.15</subfield><subfield code="2">20</subfield></datafield><datafield ind1="1" ind2=" " tag="100"><subfield code="a">Hale, Kenneth L.</subfield><subfield code="q">(Kenneth Locke),</subfield><subfield code="d">1934-</subfield></datafield><datafield ind1="1" ind2="0" tag="245"><subfield code="a">On the position of Walbiri in a typology of the base /</subfield><subfield code="c">by Ken Hale.</subfield></datafield><datafield ind1=" " ind2=" " tag="260"><subfield code="a">Bloomington, Ind. :</subfield><subfield code="b">Indiana University Linguistics Club,</subfield><subfield code="c">1981.</subfield></datafield><datafield ind1=" " ind2=" " tag="300"><subfield code="a">58 p. ;</subfield><subfield code="c">28 cm.</subfield></datafield><datafield ind1=" " ind2=" " tag="504"><subfield code="a">Includes bibliographical references.</subfield></datafield><datafield ind1=" " ind2="0" tag="650"><subfield code="a">Walbiri language.</subfield></datafield><datafield ind1=" " ind2=" " tag="035"><subfield code="a">(TxDaGIAL)37741100011335</subfield></datafield><controlfield tag="005">20080624160814.0</controlfield><controlfield tag="001">6545</controlfield><controlfield tag="003">TxDaGIAL</controlfield><datafield ind1=" " ind2=" " tag="852"><subfield code="p">37741100011335</subfield><subfield code="a">Library</subfield><subfield code="x">COPYID:7755</subfield><subfield code="x">FSC@aRegular@c19960503</subfield><subfield code="h">499.1541 H162o 1981</subfield><subfield code="z">6789</subfield></datafield></record>