
<record><leader>00817pam a2200253 a 4500</leader><controlfield tag="008">850620s1985    nyu      b    00010 eng  </controlfield><datafield ind1=" " ind2=" " tag="010"><subfield code="a">   85013185</subfield></datafield><datafield ind1=" " ind2=" " tag="020"><subfield code="a">0824054415 (alk. paper) :</subfield><subfield code="c">$30.00</subfield></datafield><datafield ind1=" " ind2=" " tag="040"><subfield code="a">DLC</subfield><subfield code="c">DLC</subfield><subfield code="d">TxDaGIAL</subfield></datafield><datafield ind1="0" ind2=" " tag="041"><subfield code="a">engnic</subfield></datafield><datafield ind1="0" ind2=" " tag="050"><subfield code="a">PL8483.1</subfield><subfield code="b">.S88 1985</subfield></datafield><datafield ind1="0" ind2=" " tag="082"><subfield code="a">496/.39</subfield><subfield code="2">19</subfield></datafield><datafield ind1="1" ind2="0" tag="100"><subfield code="a">Stucky, Susan U.,</subfield><subfield code="d">1949-</subfield></datafield><datafield ind1="1" ind2="0" tag="245"><subfield code="a">Order in Makua syntax /</subfield><subfield code="c">Susan U. Stucky.</subfield></datafield><datafield ind1="0" ind2=" " tag="260"><subfield code="a">New York :</subfield><subfield code="b">Garland Pub.,</subfield><subfield code="c">1985.</subfield></datafield><datafield ind1=" " ind2=" " tag="300"><subfield code="a">x, 227 p. ;</subfield><subfield code="c">24 cm.</subfield></datafield><datafield ind1=" " ind2="0" tag="440"><subfield code="a">Outstanding dissertations in linguistics</subfield></datafield><datafield ind1=" " ind2=" " tag="504"><subfield code="a">Bibliography: p. 224-227.</subfield></datafield><datafield ind1=" " ind2="0" tag="650"><subfield code="a">Makua language</subfield><subfield code="x">Word order.</subfield></datafield><datafield ind1=" " ind2=" " tag="035"><subfield code="a">(TxDaGIAL)37741100006923</subfield></datafield><controlfield tag="005">20080624160826.0</controlfield><controlfield tag="001">6590</controlfield><controlfield tag="003">TxDaGIAL</controlfield><datafield ind1=" " ind2=" " tag="852"><subfield code="p">37741100006923</subfield><subfield code="a">Library</subfield><subfield code="x">COPYID:7810</subfield><subfield code="x">FSC@aRegular@c19950816</subfield><subfield code="h">496.39 S932o 1985</subfield><subfield code="z">12450</subfield></datafield></record>