
<record><leader>00764Qam a2200217Ia 4500</leader><controlfield tag="008">851205s1985    inu      b    000 0 eng d</controlfield><datafield ind1=" " ind2=" " tag="035"><subfield code="a">(CU-UC)dlaisn3035518</subfield></datafield><datafield ind1=" " ind2=" " tag="040"><subfield code="a">EUE</subfield><subfield code="c">EUE</subfield><subfield code="d">GZN</subfield><subfield code="d">CU-SC</subfield></datafield><datafield ind1="1" ind2=" " tag="100"><subfield code="a">Owens, Jonathan.</subfield></datafield><datafield ind1="1" ind2="4" tag="245"><subfield code="a">The Oromo causative :</subfield><subfield code="b">lexical grammar without lexical rules /</subfield><subfield code="c">by Jonathan Owens.</subfield></datafield><datafield ind1=" " ind2=" " tag="260"><subfield code="a">Bloomington, Ind. :</subfield><subfield code="b">Indiana University Linguistics Club,</subfield><subfield code="c">1985.</subfield></datafield><datafield ind1=" " ind2=" " tag="300"><subfield code="a">68 p. ;</subfield><subfield code="c">28 cm.</subfield></datafield><datafield ind1=" " ind2=" " tag="504"><subfield code="a">Bibliography: p. 65-68.</subfield></datafield><datafield ind1=" " ind2=" " tag="546"><subfield code="a">English.</subfield></datafield><datafield ind1=" " ind2="0" tag="650"><subfield code="a">Oromo language</subfield><subfield code="x">Verb.</subfield></datafield><datafield ind1="2" ind2="0" tag="710"><subfield code="a">Indiana University Linguistics Club.</subfield></datafield><datafield ind1=" " ind2=" " tag="035"><subfield code="a">(TxDaGIAL)37741100014785</subfield></datafield><controlfield tag="005">20080624160829.0</controlfield><controlfield tag="001">6606</controlfield><controlfield tag="003">TxDaGIAL</controlfield><datafield ind1=" " ind2=" " tag="852"><subfield code="p">37741100014785</subfield><subfield code="a">Library</subfield><subfield code="x">COPYID:7827</subfield><subfield code="x">FSC@aRegular@c19970129</subfield><subfield code="h">493.55 O97o 1985</subfield><subfield code="z">11532</subfield></datafield></record>