
<record><leader>00997cam a2200289 i 4500</leader><controlfield tag="008">790928s1976    ilu           000 0 eng  </controlfield><datafield ind1=" " ind2=" " tag="010"><subfield code="a">   79315146 //r943</subfield></datafield><datafield ind1=" " ind2=" " tag="020"><subfield code="c">$4.00</subfield></datafield><datafield ind1=" " ind2=" " tag="040"><subfield code="a">DLC</subfield><subfield code="c">DLC</subfield><subfield code="d">DLC</subfield></datafield><datafield ind1=" " ind2=" " tag="043"><subfield code="a">n-mx---</subfield></datafield><datafield ind1="0" ind2="0" tag="050"><subfield code="a">F1221.O86</subfield><subfield code="b">O86</subfield></datafield><datafield ind1="0" ind2="0" tag="082"><subfield code="a">398.2/0972</subfield></datafield><datafield ind1="0" ind2="0" tag="245"><subfield code="a">Otomi parables, folktales, and jokes /</subfield><subfield code="c">edited by H. Russell Bernard and Jesus Salinas Pedraza.</subfield></datafield><datafield ind1="0" ind2=" " tag="260"><subfield code="a">[Chicago] :</subfield><subfield code="b">University of Chicago Press,</subfield><subfield code="c">1976.</subfield></datafield><datafield ind1=" " ind2=" " tag="300"><subfield code="a">vi, 120 p. ;</subfield><subfield code="c">25 cm.</subfield></datafield><datafield ind1=" " ind2="0" tag="440"><subfield code="a">Native American texts series,</subfield><subfield code="x">0361-3399 ;</subfield><subfield code="v">v. 1, no. 2</subfield></datafield><datafield ind1=" " ind2=" " tag="500"><subfield code="a">Cover title.</subfield></datafield><datafield ind1=" " ind2="0" tag="650"><subfield code="a">Otomi Indians</subfield><subfield code="v">Folklore.</subfield></datafield><datafield ind1=" " ind2="0" tag="650"><subfield code="a">Indians of Mexico</subfield><subfield code="v">Folklore.</subfield></datafield><datafield ind1=" " ind2="0" tag="650"><subfield code="a">Otomi language</subfield><subfield code="v">Texts.</subfield></datafield><datafield ind1="1" ind2="0" tag="700"><subfield code="a">Bernard, H. Russell</subfield><subfield code="q">(Harvey Russell),</subfield><subfield code="d">1940-</subfield></datafield><datafield ind1="1" ind2="0" tag="700"><subfield code="a">Salinas Pedraza, Jes&#250;s.</subfield></datafield><datafield ind1=" " ind2=" " tag="035"><subfield code="a">(TxDaGIAL)37741100016134</subfield></datafield><controlfield tag="005">20080624160833.0</controlfield><controlfield tag="001">6621</controlfield><controlfield tag="003">TxDaGIAL</controlfield><datafield ind1=" " ind2=" " tag="852"><subfield code="p">37741100016134</subfield><subfield code="a">Library</subfield><subfield code="x">COPYID:7843</subfield><subfield code="x">FSC@aRegular@c19970324</subfield><subfield code="h">398.20972 O88b 1976</subfield></datafield></record>