
<record><leader>01104cam a2200265 i 4500</leader><controlfield tag="008">770425s1976    ndu      b    00010 eng d</controlfield><datafield ind1=" " ind2=" " tag="035"><subfield code="a">(CU-UC)dlaisn1010370</subfield></datafield><datafield ind1=" " ind2=" " tag="040"><subfield code="a">COO</subfield><subfield code="c">COO</subfield><subfield code="d">m.c.</subfield><subfield code="d">CU-Riv</subfield></datafield><datafield ind1="1" ind2="0" tag="100"><subfield code="a">Miller, Vera Grace.</subfield></datafield><datafield ind1="1" ind2="3" tag="245"><subfield code="a">An overview of Sti&#234;ng grammar /</subfield><subfield code="c">by Vera Grace Miller.</subfield></datafield><datafield ind1="0" ind2=" " tag="260"><subfield code="a">Grand Forks, N.D. :</subfield><subfield code="b">Summer Institute of Linguistics, University of North Dakota Session,</subfield><subfield code="c">1976.</subfield></datafield><datafield ind1=" " ind2=" " tag="300"><subfield code="a">v, 64 p. ;</subfield><subfield code="c">28 cm.</subfield></datafield><datafield ind1="1" ind2=" " tag="490"><subfield code="a">Work papers - Summer Institute of Linguistics ;</subfield><subfield code="v">20, s.3</subfield></datafield><datafield ind1=" " ind2=" " tag="502"><subfield code="a">Thesis (M.A.)--University of North Dakota.</subfield></datafield><datafield ind1=" " ind2=" " tag="504"><subfield code="a">Bibliography: p. 62-64.</subfield></datafield><datafield ind1=" " ind2=" " tag="546"><subfield code="a">English.</subfield></datafield><datafield ind1=" " ind2="0" tag="650"><subfield code="a">Stieng language</subfield><subfield code="x">Grammar.</subfield></datafield><datafield ind1="2" ind2="0" tag="710"><subfield code="a">Summer Institute of Linguistics.</subfield></datafield><datafield ind1="2" ind2=" " tag="810"><subfield code="a">Summer Institute of Linguistics</subfield><subfield code="t">Work papers ;</subfield><subfield code="v">supplement 3 [to] v. 20.</subfield></datafield><datafield ind1=" " ind2=" " tag="035"><subfield code="a">(TxDaGIAL)37741100013967</subfield></datafield><controlfield tag="005">20080624160839.0</controlfield><controlfield tag="001">6644</controlfield><controlfield tag="003">TxDaGIAL</controlfield><datafield ind1=" " ind2=" " tag="852"><subfield code="p">37741100013967</subfield><subfield code="a">Library</subfield><subfield code="x">COPYID:7871</subfield><subfield code="x">FSC@aRegular@c19961120</subfield><subfield code="h">410.5 N864w vol.20:s.3 1976</subfield><subfield code="z">6804</subfield></datafield><datafield ind1=" " ind2=" " tag="852"><subfield code="p">37741100013968</subfield><subfield code="a">Library</subfield><subfield code="x">COPYID:7872</subfield><subfield code="x">FSC@aRegular@c19961120</subfield><subfield code="h">495.93 M652o 1976</subfield></datafield></record>