
<record><leader>00915cam a2200253 a 4500</leader><controlfield tag="008">950614s1996    nyu      d    000 0 eng  </controlfield><datafield ind1=" " ind2=" " tag="010"><subfield code="a">   95021451</subfield></datafield><datafield ind1=" " ind2=" " tag="020"><subfield code="a">0198643225 (alk. paper)</subfield></datafield><datafield ind1=" " ind2=" " tag="040"><subfield code="a">DLC</subfield><subfield code="c">DLC</subfield><subfield code="d">DLC</subfield></datafield><datafield ind1="0" ind2="0" tag="050"><subfield code="a">PJ4833</subfield><subfield code="b">.O9 1995</subfield></datafield><datafield ind1="0" ind2="0" tag="082"><subfield code="a">423/.924</subfield><subfield code="2">20</subfield></datafield><datafield ind1="0" ind2="4" tag="245"><subfield code="a">The Oxford English-Hebrew dictionary /</subfield><subfield code="c">in collaboration with the Oxford Centre for Hebrew and Jewish Studies.</subfield></datafield><datafield ind1=" " ind2=" " tag="260"><subfield code="a">New York :</subfield><subfield code="b">Oxford,</subfield><subfield code="c">1996.</subfield></datafield><datafield ind1=" " ind2=" " tag="300"><subfield code="a">xxiii, 1091 p. ;</subfield><subfield code="c">24 cm.</subfield></datafield><datafield ind1=" " ind2=" " tag="500"><subfield code="a">Editors: N.S. Doniach, A. Kahane.</subfield></datafield><datafield ind1=" " ind2="0" tag="650"><subfield code="a">English language</subfield><subfield code="v">Dictionaries</subfield><subfield code="x">Hebrew.</subfield></datafield><datafield ind1="1" ind2=" " tag="700"><subfield code="a">Doniach, N. S.</subfield></datafield><datafield ind1="1" ind2=" " tag="700"><subfield code="a">Kahane, Ahuvia.</subfield></datafield><datafield ind1="2" ind2=" " tag="710"><subfield code="a">Oxford Centre for Hebrew and Jewish Studies.</subfield></datafield><datafield ind1=" " ind2=" " tag="035"><subfield code="a">(TxDaGIAL)37741100021041</subfield></datafield><controlfield tag="005">20080624160841.0</controlfield><controlfield tag="001">6650</controlfield><controlfield tag="003">TxDaGIAL</controlfield><datafield ind1=" " ind2=" " tag="852"><subfield code="p">37741100021041</subfield><subfield code="a">Library</subfield><subfield code="9">$56.55</subfield><subfield code="x">FUND:AL-Tran</subfield><subfield code="x">COPYID:7882</subfield><subfield code="x">FSC@aRegular@c19971017</subfield><subfield code="h">423.924 O98 1996</subfield><subfield code="z">B/T 9-97</subfield></datafield></record>