
<record><leader>00879nam a2200253 a 4500</leader><controlfield tag="008">870714s1986    ck       b    000 0 spa  </controlfield><datafield ind1=" " ind2=" " tag="010"><subfield code="a">   87403532</subfield></datafield><datafield ind1=" " ind2=" " tag="040"><subfield code="a">DLC</subfield><subfield code="c">DLC</subfield><subfield code="d">DLC</subfield></datafield><datafield ind1="0" ind2=" " tag="041"><subfield code="a">spacrp</subfield></datafield><datafield ind1=" " ind2=" " tag="043"><subfield code="a">s-ck---</subfield></datafield><datafield ind1="0" ind2="0" tag="050"><subfield code="a">PC4889.S28</subfield><subfield code="b">M44 1986</subfield></datafield><datafield ind1="0" ind2="0" tag="082"><subfield code="a">467/.986114</subfield><subfield code="2">19</subfield></datafield><datafield ind1="1" ind2="0" tag="100"><subfield code="a">Megenney, William W.</subfield></datafield><datafield ind1="1" ind2="3" tag="245"><subfield code="a">El palenquero :</subfield><subfield code="b">un lenguaje post-criollo de Colombia /</subfield><subfield code="c">William W. Megenney.</subfield></datafield><datafield ind1="0" ind2=" " tag="260"><subfield code="a">Bogot&#225; :</subfield><subfield code="b">Instituto Caro y Cuervo,</subfield><subfield code="c">1986.</subfield></datafield><datafield ind1=" " ind2=" " tag="300"><subfield code="a">277 p. ;</subfield><subfield code="c">22 cm.</subfield></datafield><datafield ind1=" " ind2="0" tag="440"><subfield code="a">Publicaciones del Instituto Caro y Cuervo ;</subfield><subfield code="v">74</subfield></datafield><datafield ind1=" " ind2=" " tag="504"><subfield code="a">Bibliography: p. [261]-271.</subfield></datafield><datafield ind1=" " ind2="0" tag="650"><subfield code="a">Spanish language</subfield><subfield code="x">Dialects</subfield><subfield code="z">Colombia</subfield><subfield code="z">San Basilio del Palenque.</subfield></datafield><datafield ind1=" " ind2=" " tag="035"><subfield code="a">(TxDaGIAL)37741100014285</subfield></datafield><controlfield tag="005">20080624160845.0</controlfield><controlfield tag="001">6663</controlfield><controlfield tag="003">TxDaGIAL</controlfield><datafield ind1=" " ind2=" " tag="852"><subfield code="p">37741100014285</subfield><subfield code="a">Library</subfield><subfield code="x">COPYID:7897</subfield><subfield code="x">FSC@aRegular@c19961217</subfield><subfield code="h">467.986114 M496p 1986</subfield><subfield code="z">12967</subfield></datafield></record>