
<record><leader>00943nam a2200253 a 4500</leader><controlfield tag="008">860306s1981    ja            00010 mul d</controlfield><datafield ind1=" " ind2=" " tag="035"><subfield code="a">(CU-UC)dlaisn2646255</subfield></datafield><datafield ind1=" " ind2=" " tag="040"><subfield code="a">MiU</subfield><subfield code="c">MiU</subfield><subfield code="d">CU</subfield></datafield><datafield ind1="0" ind2=" " tag="041"><subfield code="a">enghinpan</subfield></datafield><datafield ind1="1" ind2="0" tag="100"><subfield code="a">Mizokami, Tomio.</subfield></datafield><datafield ind1="1" ind2="0" tag="245"><subfield code="a">Panjabi /</subfield><subfield code="c">by Tomio Mizokami.</subfield></datafield><datafield ind1="0" ind2=" " tag="260"><subfield code="a">[Tokyo] :</subfield><subfield code="b">Institute for the Study of Languages and Cultures of Asia and Africa, Tokyo University of Foreign Studies,</subfield><subfield code="c">1981.</subfield></datafield><datafield ind1=" " ind2=" " tag="300"><subfield code="a">42 [i.e. 84] p. ;</subfield><subfield code="c">19 cm.</subfield></datafield><datafield ind1=" " ind2="0" tag="440"><subfield code="a">Asian and African grammatical manual ;</subfield><subfield code="v">no. 13e</subfield></datafield><datafield ind1=" " ind2=" " tag="500"><subfield code="a">English, Hindi, and Panjabi.</subfield></datafield><datafield ind1=" " ind2=" " tag="500"><subfield code="a">Errata sheet inserted.</subfield></datafield><datafield ind1=" " ind2=" " tag="546"><subfield code="a">English.</subfield></datafield><datafield ind1=" " ind2="0" tag="650"><subfield code="a">Panjabi language</subfield><subfield code="x">Grammar, Comparative</subfield><subfield code="x">Hindi.</subfield></datafield><datafield ind1=" " ind2="0" tag="650"><subfield code="a">Hindi language</subfield><subfield code="x">Grammar, Comparative</subfield><subfield code="x">Panjabi.</subfield></datafield><datafield ind1=" " ind2=" " tag="035"><subfield code="a">(TxDaGIAL)37741100014547</subfield></datafield><controlfield tag="005">20080624160846.0</controlfield><controlfield tag="001">6668</controlfield><controlfield tag="003">TxDaGIAL</controlfield><datafield ind1=" " ind2=" " tag="852"><subfield code="p">37741100014547</subfield><subfield code="a">Library</subfield><subfield code="x">COPYID:7903</subfield><subfield code="x">FSC@aRegular@c19970121</subfield><subfield code="h">491.42 M685p 1981</subfield><subfield code="z">11508</subfield></datafield></record>