
<record><leader>00771nam a2200217 i 4500</leader><controlfield tag="008">780831r19041904ii            00010 eng  </controlfield><datafield ind1=" " ind2=" " tag="010"><subfield code="a">   77938933</subfield></datafield><datafield ind1=" " ind2=" " tag="020"><subfield code="c">Rs15.00</subfield></datafield><datafield ind1=" " ind2=" " tag="040"><subfield code="a">DLC</subfield><subfield code="c">DLC</subfield><subfield code="d">TxDaGIAL</subfield></datafield><datafield ind1="0" ind2=" " tag="050"><subfield code="a">PK2633</subfield><subfield code="b">.B33</subfield></datafield><datafield ind1=" " ind2=" " tag="082"><subfield code="a">491/.42/5</subfield></datafield><datafield ind1="1" ind2="0" tag="100"><subfield code="a">Bailey, Thomas Grahame,</subfield><subfield code="d">1872-1942.</subfield></datafield><datafield ind1="1" ind2="0" tag="245"><subfield code="a">Panjabi grammar :</subfield><subfield code="b">a brief grammar of Panjabi as spoken in the Wazirabad district /</subfield><subfield code="c">by T. Grahame Bailey.</subfield></datafield><datafield ind1="0" ind2=" " tag="260"><subfield code="a">Lahore, India :</subfield><subfield code="b">Punjab Government Press,</subfield><subfield code="c">1904.</subfield></datafield><datafield ind1=" " ind2=" " tag="300"><subfield code="a">60 p. ;</subfield><subfield code="c">25 cm.</subfield></datafield><datafield ind1=" " ind2="0" tag="650"><subfield code="a">Panjabi language</subfield><subfield code="x">Grammar.</subfield></datafield><datafield ind1=" " ind2=" " tag="035"><subfield code="a">(TxDaGIAL)37741100004015</subfield></datafield><controlfield tag="005">20080624160846.0</controlfield><controlfield tag="001">6669</controlfield><controlfield tag="003">TxDaGIAL</controlfield><datafield ind1=" " ind2=" " tag="852"><subfield code="p">37741100004015</subfield><subfield code="a">Library</subfield><subfield code="9">$0.00</subfield><subfield code="x">COPYID:7904</subfield><subfield code="x">FSC@aRegular@c19950508</subfield><subfield code="h">491.425 B156p 1904</subfield><subfield code="z">Gift D.N. Larson 1-90</subfield></datafield></record>