
<record><leader>01040cam a2200253 a 4500</leader><controlfield tag="008">880519s1988    cau      b    10010 eng  </controlfield><datafield ind1=" " ind2=" " tag="010"><subfield code="a">   88018763</subfield></datafield><datafield ind1=" " ind2=" " tag="020"><subfield code="a">0937073385 (pbk.)</subfield></datafield><datafield ind1=" " ind2=" " tag="040"><subfield code="a">DLC</subfield><subfield code="c">DLC</subfield><subfield code="d">DLC</subfield><subfield code="d">TxDaGIAL</subfield></datafield><datafield ind1="0" ind2="0" tag="050"><subfield code="a">PL613</subfield><subfield code="b">.I58 1986</subfield></datafield><datafield ind1="0" ind2="0" tag="082"><subfield code="a">495.6/5</subfield><subfield code="2">19</subfield></datafield><datafield ind1="2" ind2="0" tag="111"><subfield code="a">International Workshop on Japanese Syntax</subfield><subfield code="n">(2nd :</subfield><subfield code="d">1986 :</subfield><subfield code="c">Stanford University)</subfield></datafield><datafield ind1="1" ind2="0" tag="245"><subfield code="a">Papers from the Second International Workshop on Japanese Syntax /</subfield><subfield code="c">edited by William J. Poser.</subfield></datafield><datafield ind1="0" ind2=" " tag="260"><subfield code="a">Stanford, Calif. :</subfield><subfield code="b">Center for the Study of Language and Information, Stanford University,</subfield><subfield code="c">1988.</subfield></datafield><datafield ind1=" " ind2=" " tag="300"><subfield code="a">241 p. cm. ;</subfield><subfield code="c">23 cm.</subfield></datafield><datafield ind1=" " ind2=" " tag="504"><subfield code="a">Includes bibliographical references.</subfield></datafield><datafield ind1=" " ind2="0" tag="650"><subfield code="a">Japanese language</subfield><subfield code="x">Syntax</subfield><subfield code="v">Congresses.</subfield></datafield><datafield ind1="1" ind2="0" tag="700"><subfield code="a">Poser, William John.</subfield></datafield><datafield ind1="2" ind2="0" tag="710"><subfield code="a">Center for the Study of Language and Information (U.S.)</subfield></datafield><datafield ind1=" " ind2=" " tag="035"><subfield code="a">(TxDaGIAL)37741100009354</subfield></datafield><controlfield tag="005">20080624160847.0</controlfield><controlfield tag="001">6676</controlfield><controlfield tag="003">TxDaGIAL</controlfield><datafield ind1=" " ind2=" " tag="852"><subfield code="p">37741100009354</subfield><subfield code="a">Library</subfield><subfield code="9">$14.95</subfield><subfield code="x">COPYID:7912</subfield><subfield code="x">FSC@aRegular@c19951108</subfield><subfield code="h">495.65 I61p 1986</subfield><subfield code="z">B/T 12-90</subfield></datafield></record>