
<record><leader>01401nam a2200337 a 4500</leader><controlfield tag="008">930401s1992    ilua     b    010 0 eng  </controlfield><datafield ind1=" " ind2=" " tag="010"><subfield code="a">   92929621</subfield></datafield><datafield ind1=" " ind2=" " tag="020"><subfield code="a">1877979163</subfield></datafield><datafield ind1=" " ind2=" " tag="040"><subfield code="a">DLC</subfield><subfield code="c">DLC</subfield><subfield code="d">DLC</subfield></datafield><datafield ind1="0" ind2="0" tag="050"><subfield code="a">PL4111</subfield><subfield code="b">.P37 1992</subfield></datafield><datafield ind1="0" ind2="0" tag="082"><subfield code="a">495.9/1</subfield><subfield code="2">20</subfield></datafield><datafield ind1="0" ind2="0" tag="245"><subfield code="a">Papers on Tai languages, linguistics, and literatures :</subfield><subfield code="b">in honor of William J. Gedney on his 77th birthday /</subfield><subfield code="c">Carol J. Compton, John F. Hartmann, editors.</subfield></datafield><datafield ind1="0" ind2=" " tag="260"><subfield code="a">[De Kalb] :</subfield><subfield code="b">Northern Illinois University, Center for Southeast Asian Studies,</subfield><subfield code="c">1992.</subfield></datafield><datafield ind1=" " ind2=" " tag="300"><subfield code="a">xxi, 302 p. :</subfield><subfield code="b">ill. ;</subfield><subfield code="c">23 cm.</subfield></datafield><datafield ind1=" " ind2="0" tag="440"><subfield code="a">Monograph series on Southeast Asia</subfield></datafield><datafield ind1="1" ind2=" " tag="490"><subfield code="a">Occasional paper ;</subfield><subfield code="v">no. 16</subfield></datafield><datafield ind1=" " ind2=" " tag="500"><subfield code="a">English and Tai (various scripts).</subfield></datafield><datafield ind1=" " ind2=" " tag="504"><subfield code="a">Includes bibliographical references.</subfield></datafield><datafield ind1=" " ind2="0" tag="650"><subfield code="a">Tai languages.</subfield></datafield><datafield ind1=" " ind2="0" tag="650"><subfield code="a">Thai language</subfield><subfield code="x">Dialects</subfield><subfield code="x">History.</subfield></datafield><datafield ind1=" " ind2="0" tag="651"><subfield code="a">Thailand</subfield><subfield code="x">Languages</subfield><subfield code="x">History.</subfield></datafield><datafield ind1="1" ind2="0" tag="700"><subfield code="a">Gedney, William J.</subfield></datafield><datafield ind1="1" ind2="0" tag="700"><subfield code="a">Compton, Carol J.</subfield></datafield><datafield ind1="1" ind2="0" tag="700"><subfield code="a">Hartmann, John F.</subfield><subfield code="q">(John Ferdinand)</subfield></datafield><datafield ind1="2" ind2="0" tag="710"><subfield code="a">Northern Illinois University.</subfield><subfield code="b">Center for Southeast Asian Studies.</subfield></datafield><datafield ind1=" " ind2="0" tag="830"><subfield code="a">Occasional papers (Northern Illinois University. Center for Southeast Asian Studies) ;</subfield><subfield code="v">16.</subfield></datafield><datafield ind1=" " ind2=" " tag="035"><subfield code="a">(TxDaGIAL)37741100009378</subfield></datafield><controlfield tag="005">20080624160850.0</controlfield><controlfield tag="001">6691</controlfield><controlfield tag="003">TxDaGIAL</controlfield><datafield ind1=" " ind2=" " tag="852"><subfield code="p">37741100009378</subfield><subfield code="a">Library</subfield><subfield code="9">$26.00</subfield><subfield code="x">COPYID:7929</subfield><subfield code="x">FSC@aRegular@c19951108</subfield><subfield code="h">495.91 P214c 1992</subfield><subfield code="z">4-93</subfield></datafield></record>