
<record><leader>00579ntm a2200169 a 4500</leader><controlfield tag="008">971006s1994    vm            000 0 eng d</controlfield><datafield ind1=" " ind2=" " tag="040"><subfield code="a">TxDaGIAL</subfield><subfield code="c">TxDaGIAL</subfield></datafield><datafield ind1=" " ind2=" " tag="094"><subfield code="a">mtq00</subfield><subfield code="2">ROPAL</subfield></datafield><datafield ind1="0" ind2="0" tag="245"><subfield code="a">Papers presented at The Scientific Exchange on the Muong Alphabet</subfield><subfield code="h">[manuscript].</subfield></datafield><datafield ind1=" " ind2=" " tag="260"><subfield code="c">1994.</subfield></datafield><datafield ind1=" " ind2=" " tag="300"><subfield code="a">40 leaves ;</subfield><subfield code="c">29 cm.</subfield></datafield><datafield ind1=" " ind2="0" tag="650"><subfield code="a">Muong language</subfield><subfield code="x">Orthography and spelling.</subfield></datafield><datafield ind1=" " ind2=" " tag="035"><subfield code="a">(TxDaGIAL)37741100020846</subfield></datafield><controlfield tag="005">20080624160851.0</controlfield><controlfield tag="001">6694</controlfield><controlfield tag="003">TxDaGIAL</controlfield><datafield ind1=" " ind2=" " tag="852"><subfield code="p">37741100020846</subfield><subfield code="a">Library</subfield><subfield code="x">COPYID:7933</subfield><subfield code="x">FSC@aRegular@c19971010</subfield><subfield code="h">495.92 P214 1994</subfield><subfield code="z">Milton Barker 1994</subfield></datafield></record>