
<record><leader>01243nam a2200301 a 4500</leader><controlfield tag="008">961017s1995    gw       b    000 0 ger  </controlfield><datafield ind1=" " ind2=" " tag="010"><subfield code="a">   96210567</subfield></datafield><datafield ind1=" " ind2=" " tag="040"><subfield code="a">DLC</subfield><subfield code="c">DLC</subfield></datafield><datafield ind1="0" ind2=" " tag="041"><subfield code="a">gerspa</subfield></datafield><datafield ind1="0" ind2="0" tag="050"><subfield code="a">PC4435</subfield><subfield code="b">.G37 1995</subfield></datafield><datafield ind1="0" ind2="0" tag="082"><subfield code="a">465</subfield><subfield code="2">21</subfield></datafield><datafield ind1="1" ind2=" " tag="100"><subfield code="a">Garc&#237;a Cid, Aranzazu.</subfield></datafield><datafield ind1="1" ind2="0" tag="245"><subfield code="a">Parenthesen, Einsch&#252;be und Kommentare :</subfield><subfield code="b">zur Klassifikation von Nebenpr&#228;dikationen in gesprochenen spanischen Texten /</subfield><subfield code="c">Aranzazu Garc&#237;a Cid.</subfield></datafield><datafield ind1=" " ind2=" " tag="260"><subfield code="a">K&#246;ln :</subfield><subfield code="b">Institut f&#252;r Sprachwissenschaft, Universit&#228;t zu K&#246;ln,</subfield><subfield code="c">[1995]</subfield></datafield><datafield ind1=" " ind2=" " tag="300"><subfield code="a">115 p. ;</subfield><subfield code="c">30 cm.</subfield></datafield><datafield ind1="1" ind2=" " tag="490"><subfield code="a">Arbeitspapier / Institut f&#252;r Sprachwissenschaft, Universit&#228;t zu K&#246;ln ;</subfield><subfield code="v">Nr. 25, n.F.</subfield></datafield><datafield ind1=" " ind2=" " tag="500"><subfield code="a">"August 1995."</subfield></datafield><datafield ind1=" " ind2=" " tag="546"><subfield code="a">German and Spanish.</subfield></datafield><datafield ind1=" " ind2=" " tag="504"><subfield code="a">Includes bibliographical references (p. 111-115).</subfield></datafield><datafield ind1=" " ind2="0" tag="650"><subfield code="a">Spanish language</subfield><subfield code="x">Parenthetical constructions.</subfield></datafield><datafield ind1=" " ind2="0" tag="650"><subfield code="a">Spanish language</subfield><subfield code="x">Spoken Spanish.</subfield></datafield><datafield ind1=" " ind2="0" tag="650"><subfield code="a">Spanish language</subfield><subfield code="x">Syntax.</subfield></datafield><datafield ind1=" " ind2="0" tag="830"><subfield code="a">Arbeitspapier (Universit&#228;t zu K&#246;ln. Institut f&#252;r Sprachwissenschaft) ;</subfield><subfield code="v">n.F., Nr. 25.</subfield></datafield><datafield ind1=" " ind2=" " tag="035"><subfield code="a">(TxDaGIAL)37741100021165</subfield></datafield><controlfield tag="005">20080624160857.0</controlfield><controlfield tag="001">6718</controlfield><controlfield tag="003">TxDaGIAL</controlfield><datafield ind1=" " ind2=" " tag="852"><subfield code="p">37741100021165</subfield><subfield code="a">Library</subfield><subfield code="x">COPYID:7957</subfield><subfield code="x">FSC@aRegular@c19971017</subfield><subfield code="h">465 G216p 1995</subfield><subfield code="z">exchange</subfield></datafield></record>