
<record><leader>00789nam a2200205 a 4500</leader><controlfield tag="008">970416s1977    txu           000 0 eng d</controlfield><datafield ind1=" " ind2=" " tag="040"><subfield code="a">TxDaGIAL</subfield><subfield code="c">TxDaGIAL</subfield></datafield><datafield ind1="1" ind2=" " tag="100"><subfield code="a">Currier, Constance Elizabeth.</subfield></datafield><datafield ind1="1" ind2="0" tag="245"><subfield code="a">Participant reference in Bahasa Indonesia narrative discourse /</subfield><subfield code="c">by Constance Elizabeth Currier.</subfield></datafield><datafield ind1=" " ind2=" " tag="260"><subfield code="c">1977.</subfield></datafield><datafield ind1=" " ind2=" " tag="300"><subfield code="a">x, 171 leaves ;</subfield><subfield code="c">29 cm.</subfield></datafield><datafield ind1=" " ind2=" " tag="502"><subfield code="a">Thesis (M.A.)--University of Texas at Arlington, 1977.</subfield></datafield><datafield ind1=" " ind2=" " tag="504"><subfield code="a">Bibliography : leaves 168-170.</subfield></datafield><datafield ind1=" " ind2="0" tag="650"><subfield code="a">Indonesian language</subfield><subfield code="x">Discourse analysis.</subfield></datafield><datafield ind1="2" ind2="0" tag="610"><subfield code="a">University of Texas.</subfield><subfield code="b">Graduate School</subfield><subfield code="x">Dissertations.</subfield></datafield><datafield ind1=" " ind2=" " tag="035"><subfield code="a">(TxDaGIAL)37741100016836</subfield></datafield><controlfield tag="005">20080624160858.0</controlfield><controlfield tag="001">6722</controlfield><controlfield tag="003">TxDaGIAL</controlfield><datafield ind1=" " ind2=" " tag="852"><subfield code="p">37741100016836</subfield><subfield code="a">Library</subfield><subfield code="x">COPYID:7961</subfield><subfield code="x">FSC@aRegular@c19970416</subfield><subfield code="h">499.2210141 C976p 1977</subfield></datafield></record>