
<record><leader>00973nam a2200253 a 4500</leader><controlfield tag="008">970505s1996    txu           000 0 eng d</controlfield><datafield ind1=" " ind2=" " tag="040"><subfield code="a">TxDaGIAL</subfield><subfield code="c">TxDaGIAL</subfield></datafield><datafield ind1=" " ind2=" " tag="041"><subfield code="a">engsai</subfield></datafield><datafield ind1=" " ind2=" " tag="094"><subfield code="a">pav00</subfield><subfield code="2">ROPAL</subfield></datafield><datafield ind1="1" ind2=" " tag="100"><subfield code="a">Kern, Jonathan D.</subfield></datafield><datafield ind1="1" ind2="0" tag="245"><subfield code="a">Participant reference in Wari': a VOS language of the Amazonian lowland /</subfield><subfield code="c">by Jonathan Darris Kern.</subfield></datafield><datafield ind1=" " ind2=" " tag="260"><subfield code="c">1996.</subfield></datafield><datafield ind1=" " ind2=" " tag="300"><subfield code="a">xiii, 187 leaves :</subfield><subfield code="b">charts, map ;</subfield><subfield code="c">29 cm.</subfield></datafield><datafield ind1=" " ind2=" " tag="502"><subfield code="a">Thesis (M.A.)--University of Texas at Arlington, 1996.</subfield></datafield><datafield ind1=" " ind2=" " tag="504"><subfield code="a">Includes bibliographical references (leaves 185-187).</subfield></datafield><datafield ind1=" " ind2=" " tag="546"><subfield code="a">English with interlinear text in Pakaa Nova.</subfield></datafield><datafield ind1=" " ind2="0" tag="651"><subfield code="a">Brazil</subfield><subfield code="x">Languages.</subfield></datafield><datafield ind1=" " ind2="0" tag="650"><subfield code="a">Pakaa Nova language</subfield><subfield code="x">Discourse analysis.</subfield></datafield><datafield ind1="2" ind2="0" tag="610"><subfield code="a">University of Texas at Arlington</subfield><subfield code="x">Thesis.</subfield></datafield><datafield ind1=" " ind2=" " tag="035"><subfield code="a">(TxDaGIAL)37741100017376</subfield></datafield><controlfield tag="005">20080624160858.0</controlfield><controlfield tag="001">6723</controlfield><controlfield tag="003">TxDaGIAL</controlfield><datafield ind1=" " ind2=" " tag="852"><subfield code="p">37741100017376</subfield><subfield code="a">Library</subfield><subfield code="9">$0.00</subfield><subfield code="x">COPYID:7962</subfield><subfield code="x">FSC@aRegular@c19970507</subfield><subfield code="h">498 K39p 1996</subfield><subfield code="z">Author gift 5-97</subfield></datafield></record>