
<record><leader>00755nam a2200205 a 4500</leader><controlfield tag="008">971007s1990    txu           000 0 eng d</controlfield><datafield ind1=" " ind2=" " tag="040"><subfield code="a">TxDaGIAL</subfield><subfield code="c">TxDaGIAL</subfield></datafield><datafield ind1="1" ind2=" " tag="100"><subfield code="a">Cain, Kathy Millsap.</subfield></datafield><datafield ind1="1" ind2="0" tag="245"><subfield code="a">Participles and medial verbs in Nepali on the sentence and discourse level /</subfield><subfield code="c">by Kathy Millsap Cain.</subfield></datafield><datafield ind1=" " ind2=" " tag="260"><subfield code="c">1990.</subfield></datafield><datafield ind1=" " ind2=" " tag="300"><subfield code="a">ix, 156 p. ;</subfield><subfield code="c">28 cm.</subfield></datafield><datafield ind1=" " ind2=" " tag="502"><subfield code="a">Thesis substitute (M.A.)--University of Texas at Arlington, 1990.</subfield></datafield><datafield ind1=" " ind2=" " tag="504"><subfield code="a">Bibliography: p. 156.</subfield></datafield><datafield ind1=" " ind2="0" tag="650"><subfield code="a">Nepali language</subfield><subfield code="x">Syntax.</subfield></datafield><datafield ind1=" " ind2="0" tag="650"><subfield code="a">Nepali language</subfield><subfield code="x">Discourse.</subfield></datafield><datafield ind1=" " ind2=" " tag="035"><subfield code="a">(TxDaGIAL)37741100020265</subfield></datafield><controlfield tag="005">20080624160859.0</controlfield><controlfield tag="001">6730</controlfield><controlfield tag="003">TxDaGIAL</controlfield><datafield ind1=" " ind2=" " tag="852"><subfield code="p">37741100020265</subfield><subfield code="a">Library</subfield><subfield code="x">COPYID:7969</subfield><subfield code="x">FSC@aRegular@c19971008</subfield><subfield code="h">491.495 C135p 1990</subfield><subfield code="z">author gift 8-90</subfield></datafield></record>