
<record><leader>00886cam a2200265 i 4500</leader><controlfield tag="008">750523c19781974nyu      b    00110 eng  </controlfield><datafield ind1=" " ind2=" " tag="010"><subfield code="a">   75016462 //r88</subfield></datafield><datafield ind1=" " ind2=" " tag="020"><subfield code="a">0387901442</subfield></datafield><datafield ind1=" " ind2=" " tag="040"><subfield code="a">DLC</subfield><subfield code="c">DLC</subfield><subfield code="d">TxDaGIAL</subfield></datafield><datafield ind1="0" ind2=" " tag="050"><subfield code="a">QA76.73.P35</subfield><subfield code="b">J46 1975</subfield></datafield><datafield ind1=" " ind2=" " tag="082"><subfield code="a">001.6424</subfield></datafield><datafield ind1="1" ind2="0" tag="100"><subfield code="a">Jensen, Kathleen,</subfield><subfield code="d">1949-</subfield></datafield><datafield ind1="1" ind2="0" tag="245"><subfield code="a">PASCAL :</subfield><subfield code="b">user manual and report /</subfield><subfield code="c">Kathleen Jensen, Niklaus Wirth.</subfield></datafield><datafield ind1=" " ind2=" " tag="250"><subfield code="a">2d ed.</subfield></datafield><datafield ind1="0" ind2=" " tag="260"><subfield code="a">New York :</subfield><subfield code="b">Springer-Verlag,</subfield><subfield code="c">1978, c1974.</subfield></datafield><datafield ind1=" " ind2=" " tag="300"><subfield code="a">167 p. ;</subfield><subfield code="c">24 cm.</subfield></datafield><datafield ind1=" " ind2=" " tag="500"><subfield code="a">"Springer study edition."</subfield></datafield><datafield ind1=" " ind2=" " tag="504"><subfield code="a">Includes bibliographical references and index.</subfield></datafield><datafield ind1=" " ind2="0" tag="650"><subfield code="a">Pascal (Computer program language)</subfield></datafield><datafield ind1="1" ind2="0" tag="700"><subfield code="a">Wirth, Niklaus,</subfield><subfield code="e">joint author.</subfield></datafield><datafield ind1=" " ind2=" " tag="035"><subfield code="a">(TxDaGIAL)37741100011063</subfield></datafield><controlfield tag="005">20080624160859.0</controlfield><controlfield tag="001">6732</controlfield><controlfield tag="003">TxDaGIAL</controlfield><datafield ind1=" " ind2=" " tag="852"><subfield code="p">37741100011063</subfield><subfield code="a">Library</subfield><subfield code="x">COPYID:7971</subfield><subfield code="x">FSC@aRegular@c19960426</subfield><subfield code="h">005.133 P278j 1978</subfield></datafield></record>