
<record><leader>01090nam a2200289Ia 4500</leader><controlfield tag="008">930716s1992    pk       b    000 0 eng d</controlfield><datafield ind1=" " ind2=" " tag="035"><subfield code="a">(CU-UC)dlaisn10510340</subfield></datafield><datafield ind1=" " ind2=" " tag="040"><subfield code="a">WTU</subfield><subfield code="c">WTU</subfield><subfield code="d">CLU</subfield></datafield><datafield ind1="0" ind2=" " tag="041"><subfield code="a">engpuswanorm</subfield></datafield><datafield ind1="1" ind2=" " tag="100"><subfield code="a">Hallberg, Daniel G.</subfield></datafield><datafield ind1="1" ind2="0" tag="245"><subfield code="a">Pashto, Waneci, Ormuri /</subfield><subfield code="c">Daniel G. Hallberg.</subfield></datafield><datafield ind1=" " ind2=" " tag="260"><subfield code="a">Islamabad, Pakistan :</subfield><subfield code="b">National Institute of Pakistan Studies, Quaid-i-Azam University,</subfield><subfield code="c">1992.</subfield></datafield><datafield ind1=" " ind2=" " tag="300"><subfield code="a">176 p. :</subfield><subfield code="b">maps ;</subfield><subfield code="c">22 cm.</subfield></datafield><datafield ind1=" " ind2="0" tag="440"><subfield code="a">Sociolinguistic survey of Northern Pakistan ;</subfield><subfield code="v">v. 4</subfield></datafield><datafield ind1=" " ind2=" " tag="500"><subfield code="a">Pushto, Wanetsi, and Ormuri languages in appendices of word lists and texts.</subfield></datafield><datafield ind1=" " ind2=" " tag="504"><subfield code="a">Includes bibliographical references.</subfield></datafield><datafield ind1=" " ind2=" " tag="546"><subfield code="a">English.</subfield></datafield><datafield ind1=" " ind2="0" tag="650"><subfield code="a">Pushto language.</subfield></datafield><datafield ind1=" " ind2="0" tag="650"><subfield code="a">Wanetsi dialect.</subfield></datafield><datafield ind1=" " ind2="0" tag="650"><subfield code="a">Ormuri language.</subfield></datafield><datafield ind1=" " ind2="0" tag="651"><subfield code="a">Pakistan</subfield><subfield code="x">Languages.</subfield></datafield><datafield ind1=" " ind2="0" tag="651"><subfield code="a">Afghanistan</subfield><subfield code="x">Languages.</subfield></datafield><datafield ind1=" " ind2=" " tag="035"><subfield code="a">(TxDaGIAL)37741100014548</subfield></datafield><controlfield tag="005">20080624160859.0</controlfield><controlfield tag="001">6733</controlfield><controlfield tag="003">TxDaGIAL</controlfield><datafield ind1=" " ind2=" " tag="852"><subfield code="p">37741100014548</subfield><subfield code="a">Library</subfield><subfield code="9">$10.00</subfield><subfield code="x">COPYID:7972</subfield><subfield code="x">FSC@aRegular@c19970121</subfield><subfield code="h">409.5491 S678 vol.4 1992</subfield><subfield code="z">Intl Academic Bookstore 1-93</subfield></datafield></record>