
<record><leader>00829nam a2200205 i 4500</leader><controlfield tag="008">960731s1991    at            000 0 eng d</controlfield><datafield ind1=" " ind2=" " tag="040"><subfield code="a">TxDaGIAL</subfield><subfield code="c">TxDaGIAL</subfield></datafield><datafield ind1="0" ind2="4" tag="082"><subfield code="a">499.222</subfield></datafield><datafield ind1="1" ind2=" " tag="100"><subfield code="a">Robson, S. O.</subfield><subfield code="q">(Stuart O.),</subfield><subfield code="d">1921-</subfield></datafield><datafield ind1="1" ind2="0" tag="245"><subfield code="a">Patterns of variation in colloquial Javanese /</subfield><subfield code="c">by S.O. Robson.</subfield></datafield><datafield ind1=" " ind2=" " tag="260"><subfield code="a">Clayton, Vic. :</subfield><subfield code="b">Centre of Southeast Asian Studies Monash University,</subfield><subfield code="c">1991.</subfield></datafield><datafield ind1=" " ind2=" " tag="300"><subfield code="a">26 p. ;</subfield><subfield code="c">30 cm.</subfield></datafield><datafield ind1=" " ind2="0" tag="440"><subfield code="a">Working papers (Monash University. Centre of Southeast Asian Studies) ;</subfield><subfield code="v">no. 68</subfield></datafield><datafield ind1=" " ind2=" " tag="504"><subfield code="a">Includes bibliographical references (p. 26).</subfield></datafield><datafield ind1=" " ind2="0" tag="650"><subfield code="a">Javanese language</subfield><subfield code="x">Spoken Javanese.</subfield></datafield><datafield ind1=" " ind2=" " tag="035"><subfield code="a">(TxDaGIAL)37741100012749</subfield></datafield><controlfield tag="005">20080624160905.0</controlfield><controlfield tag="001">6762</controlfield><controlfield tag="003">TxDaGIAL</controlfield><datafield ind1=" " ind2=" " tag="852"><subfield code="p">37741100012749</subfield><subfield code="a">Library</subfield><subfield code="9">$7.00</subfield><subfield code="x">COPYID:8003</subfield><subfield code="x">FSC@aRegular@c19960801</subfield><subfield code="h">499.222 R667p 1991</subfield><subfield code="z">Cellar 10-92</subfield></datafield></record>