
<record><leader>03006pam a2200349 a 4500</leader><controlfield tag="008">900215s1990    wiu      b    00110 eng  </controlfield><datafield ind1=" " ind2=" " tag="010"><subfield code="a">   90050086</subfield></datafield><datafield ind1=" " ind2=" " tag="020"><subfield code="a">0299125203 :</subfield><subfield code="c">$49.50</subfield></datafield><datafield ind1=" " ind2=" " tag="020"><subfield code="a">0299125246 (pbk.) :</subfield><subfield code="c">$19.95</subfield></datafield><datafield ind1=" " ind2=" " tag="040"><subfield code="a">DLC</subfield><subfield code="c">DLC</subfield><subfield code="d">DLC</subfield></datafield><datafield ind1=" " ind2=" " tag="043"><subfield code="a">f-tz---</subfield></datafield><datafield ind1="0" ind2="0" tag="050"><subfield code="a">DT450.49.L87</subfield><subfield code="b">F85 1990</subfield></datafield><datafield ind1="0" ind2="0" tag="082"><subfield code="a">967.8/22</subfield><subfield code="2">20</subfield></datafield><datafield ind1="1" ind2="0" tag="100"><subfield code="a">Feierman, Steven,</subfield><subfield code="d">1940-</subfield></datafield><datafield ind1="1" ind2="0" tag="245"><subfield code="a">Peasant intellectuals :</subfield><subfield code="b">anthropology and history in Tanzania /</subfield><subfield code="c">Steven Feierman.</subfield></datafield><datafield ind1="0" ind2=" " tag="260"><subfield code="a">Madison, Wis. :</subfield><subfield code="b">University of Wisconsin Press,</subfield><subfield code="c">c1990.</subfield></datafield><datafield ind1=" " ind2=" " tag="300"><subfield code="a">xii, 340 p. :</subfield><subfield code="b">maps ;</subfield><subfield code="c">24 cm.</subfield></datafield><datafield ind1=" " ind2=" " tag="504"><subfield code="a">Includes bibliographical references (p. 311-329) and index.</subfield></datafield><datafield ind1="0" ind2=" " tag="505"><subfield code="a">Tribute and Dependency in Late Nineteenth-Century Shambaai -- Healing the Land and Harming the Land -- Alternative Paths to Social Health in the Precolonial Kingdom -- Colonial Rule and the Fate of the Intellectuals -- Royal Domination and Peasant Resistance, 1947-1957 -- The Struggle over Erosion Control: Women's Farming and the Polities of Subsistence -- Gender, Slavery, and Chiefship: Peasant Attempts to Create an Alternative Discourse -- Chiefs and Bureaucrats: Independence and the Fate of the Intellectuals -- Rain in Independent Tanzania: A Drama Remembered but Not Performed.</subfield></datafield><datafield ind1=" " ind2=" " tag="520"><subfield code="a">Peasant Intellectuals will dramatically alter the perspective from which anthropologists, historians, and political scientists study both cultural systems and rural politics. Based on 25 years of research that includes interviews with hundreds of people from all social levels, Steven Feierman gives us the history of the struggles to define the most basic issues of public discourse in the Shambaa-speaking region of Tanzania. Over the past 150 years ruling chiefs and dissenting peasants have debated what it is that enables some regimes to bring life rather than death, prosperity rather than hunger, justice rather than inequity. Feierman focuses on the role of peasant intellectuals -- men and women who earn their living by farming and who, at crucial historical moments, have organized political movements of the greatest long-term significance. Peasant Intellectuals also demonstrates that peasant society contains a rich body of alternative sources of political language from which future debates can be shaped.</subfield></datafield><datafield ind1=" " ind2="0" tag="651"><subfield code="a">Lushoto District (Tanzania)</subfield><subfield code="x">Politics and government.</subfield></datafield><datafield ind1=" " ind2="0" tag="650"><subfield code="a">Peasantry</subfield><subfield code="z">Tanzania</subfield><subfield code="z">Lushoto District</subfield><subfield code="x">Politics and government.</subfield></datafield><datafield ind1=" " ind2="0" tag="650"><subfield code="a">Shambala (African people)</subfield><subfield code="x">Politics and government.</subfield></datafield><datafield ind1=" " ind2="0" tag="650"><subfield code="a">Shambala (African people)</subfield><subfield code="x">Kings and rulers</subfield><subfield code="v">Folklore.</subfield></datafield><datafield ind1=" " ind2="0" tag="650"><subfield code="a">Shambala (African people)</subfield><subfield code="x">Rites and ceremonies.</subfield></datafield><datafield ind1=" " ind2="0" tag="650"><subfield code="a">Rain-making rites</subfield><subfield code="z">Tanzania</subfield><subfield code="z">Lushoto District.</subfield></datafield><datafield ind1=" " ind2="0" tag="650"><subfield code="a">Shambala language</subfield><subfield code="x">Political aspects</subfield><subfield code="z">Tanzania</subfield><subfield code="z">Lushoto District.</subfield></datafield><datafield ind1=" " ind2=" " tag="035"><subfield code="a">(TxDaGIAL)37741100008297</subfield></datafield><controlfield tag="005">20080624160908.0</controlfield><controlfield tag="001">6775</controlfield><controlfield tag="003">TxDaGIAL</controlfield><datafield ind1=" " ind2=" " tag="852"><subfield code="p">37741100008297</subfield><subfield code="a">Library</subfield><subfield code="9">$19.95</subfield><subfield code="x">COPYID:8020</subfield><subfield code="x">FSC@aRegular@c19950919</subfield><subfield code="h">967.822 F297p 1990</subfield><subfield code="z">B/T 6-92</subfield></datafield></record>