
<record><leader>00858cam a2200241 a 4500</leader><controlfield tag="008">861024s1982    hiu      b   s00110 eng c</controlfield><datafield ind1=" " ind2=" " tag="010"><subfield code="a">   86673626 //r932</subfield></datafield><datafield ind1=" " ind2=" " tag="020"><subfield code="a">0824808126 (pbk.)</subfield></datafield><datafield ind1=" " ind2=" " tag="040"><subfield code="a">MH</subfield><subfield code="c">MH</subfield><subfield code="d">DLC</subfield></datafield><datafield ind1="1" ind2="4" tag="050"><subfield code="a">PL6443</subfield><subfield code="b">.H38x 1982</subfield></datafield><datafield ind1="1" ind2="0" tag="100"><subfield code="a">Hawkins, Emily A.</subfield></datafield><datafield ind1="1" ind2="0" tag="245"><subfield code="a">Pedagogical grammar of Hawaiian :</subfield><subfield code="b">recurrent problems /</subfield><subfield code="c">Emily A. Hawkins.</subfield></datafield><datafield ind1="0" ind2=" " tag="260"><subfield code="a">M&#257;noa :</subfield><subfield code="b">Hawaiian Studies Program, University of Hawai&#703;i,</subfield><subfield code="c">c1982.</subfield></datafield><datafield ind1=" " ind2=" " tag="300"><subfield code="a">xi, 194 p. ;</subfield><subfield code="c">28 cm.</subfield></datafield><datafield ind1=" " ind2=" " tag="504"><subfield code="a">Bibliography: p. 191.</subfield></datafield><datafield ind1=" " ind2=" " tag="500"><subfield code="a">Includes index.</subfield></datafield><datafield ind1=" " ind2="0" tag="650"><subfield code="a">Hawaiian language</subfield><subfield code="v">Textbooks for foreign speakers</subfield><subfield code="x">English.</subfield></datafield><datafield ind1=" " ind2="0" tag="650"><subfield code="a">Hawaiian language</subfield><subfield code="x">Grammar.</subfield></datafield><datafield ind1=" " ind2=" " tag="035"><subfield code="a">(TxDaGIAL)37741100012170</subfield></datafield><controlfield tag="005">20080624160912.0</controlfield><controlfield tag="001">6787</controlfield><controlfield tag="003">TxDaGIAL</controlfield><datafield ind1=" " ind2=" " tag="852"><subfield code="p">37741100012170</subfield><subfield code="a">Library</subfield><subfield code="x">COPYID:8033</subfield><subfield code="x">FSC@aRegular@c19960625</subfield><subfield code="h">499.42 H393p 1982</subfield><subfield code="z">10833</subfield></datafield></record>