
<record><leader>00866nam a22002291i 4500</leader><controlfield tag="008">940927s1985    ne a          000 0 eng d</controlfield><datafield ind1=" " ind2=" " tag="022"><subfield code="a">0280-1337</subfield></datafield><datafield ind1=" " ind2=" " tag="040"><subfield code="a">HLS</subfield><subfield code="c">TxDaGIAL</subfield><subfield code="d">TxDaGIAL</subfield></datafield><datafield ind1="1" ind2=" " tag="100"><subfield code="a">Fre Woldu, Kiros.</subfield></datafield><datafield ind1="1" ind2="4" tag="245"><subfield code="a">The perception and production of Tigrinya stops /</subfield><subfield code="c">by Kiros Fre Woldu.</subfield></datafield><datafield ind1=" " ind2=" " tag="260"><subfield code="a">Uppsala :</subfield><subfield code="b">Uppsala universitet,</subfield><subfield code="c">1985.</subfield></datafield><datafield ind1=" " ind2=" " tag="300"><subfield code="a">xi, 190, iii p. :</subfield><subfield code="b">ill. ;</subfield><subfield code="c">30 cm.</subfield></datafield><datafield ind1=" " ind2="0" tag="440"><subfield code="a">Reports from Uppsala University Department of Linguistics ;</subfield><subfield code="v">13 (1985),</subfield><subfield code="x">0280-1337</subfield></datafield><datafield ind1=" " ind2=" " tag="504"><subfield code="a">Bibliography: p. 184-190.</subfield></datafield><datafield ind1=" " ind2=" " tag="502"><subfield code="a">Dissertation (Ph.D.)--Uppsala, 1985.</subfield></datafield><datafield ind1=" " ind2="0" tag="650"><subfield code="a">Tigrinya language</subfield><subfield code="x">Phonetics.</subfield></datafield><datafield ind1=" " ind2="0" tag="650"><subfield code="a">Tigrinya language</subfield><subfield code="x">Consonants.</subfield></datafield><datafield ind1=" " ind2=" " tag="035"><subfield code="a">(TxDaGIAL)37741100000396</subfield></datafield><controlfield tag="005">20080624160920.0</controlfield><controlfield tag="001">6832</controlfield><controlfield tag="003">TxDaGIAL</controlfield><datafield ind1=" " ind2=" " tag="852"><subfield code="p">37741100000396</subfield><subfield code="a">Library</subfield><subfield code="x">COPYID:8082</subfield><subfield code="x">FSC@aRegular@c19940927</subfield><subfield code="h">405 R425 13 1985</subfield><subfield code="z">s/o</subfield></datafield></record>