
<record><leader>00850nam a2200229Ia 4500</leader><controlfield tag="008">890717s1987    txu      b    00010 eng d</controlfield><datafield ind1=" " ind2=" " tag="035"><subfield code="a">(CU-UC)5719654</subfield></datafield><datafield ind1=" " ind2=" " tag="040"><subfield code="a">CU-S</subfield><subfield code="c">CU-S</subfield><subfield code="d">TxDaGIAL</subfield></datafield><datafield ind1="1" ind2="0" tag="100"><subfield code="a">Campbell, Maryline Ebeth,</subfield><subfield code="d">1960-</subfield></datafield><datafield ind1="1" ind2="4" tag="245"><subfield code="a">The phenomenon of spreading in Fa Tieta :</subfield><subfield code="b">a language of New Caledonia /</subfield><subfield code="c">by Maryline Ebeth Campbell.</subfield></datafield><datafield ind1="1" ind2=" " tag="260"><subfield code="c">1987.</subfield></datafield><datafield ind1=" " ind2=" " tag="300"><subfield code="a">vii, 133 leaves ;</subfield><subfield code="c">29 cm.</subfield></datafield><datafield ind1=" " ind2=" " tag="502"><subfield code="a">Thesis (M.A.)--University of Texas at Arlington, 1987.</subfield></datafield><datafield ind1=" " ind2=" " tag="504"><subfield code="a">Bibliography: leaves 128-133.</subfield></datafield><datafield ind1=" " ind2=" " tag="546"><subfield code="a">English.</subfield></datafield><datafield ind1=" " ind2="0" tag="650"><subfield code="a">Hmwaveke language</subfield><subfield code="x">Phonology.</subfield></datafield><datafield ind1=" " ind2="0" tag="651"><subfield code="a">New Caledonia</subfield><subfield code="x">Languages</subfield><subfield code="x">Phonology.</subfield></datafield><datafield ind1=" " ind2=" " tag="035"><subfield code="a">(TxDaGIAL)37741100016710</subfield></datafield><controlfield tag="005">20080624160934.0</controlfield><controlfield tag="001">6880</controlfield><controlfield tag="003">TxDaGIAL</controlfield><datafield ind1=" " ind2=" " tag="852"><subfield code="p">37741100016710</subfield><subfield code="a">Library</subfield><subfield code="9">$0.00</subfield><subfield code="x">COPYID:8135</subfield><subfield code="x">FSC@aRegular@c19970414</subfield><subfield code="h">499.597 C193p 1987</subfield><subfield code="z">Author gift 10-92</subfield></datafield></record>