
<record><leader>00957nam a2200253 a 4500</leader><controlfield tag="008">930205s1983    ph a     b    000 0 eng d</controlfield><datafield ind1=" " ind2=" " tag="040"><subfield code="a">TxDaGIAL</subfield><subfield code="c">TxDaGIAL</subfield></datafield><datafield ind1="1" ind2=" " tag="041"><subfield code="a">engmap</subfield><subfield code="h">map</subfield></datafield><datafield ind1=" " ind2=" " tag="043"><subfield code="a">a-ph---</subfield></datafield><datafield ind1="1" ind2=" " tag="100"><subfield code="a">Walrod, Michael R.</subfield></datafield><datafield ind1="1" ind2="0" tag="245"><subfield code="a">Philosophy of normative discourse and persuasion :</subfield><subfield code="b">a study of Ga&#697;dang exhortation and argumentation /</subfield><subfield code="c">Michael R. Walrod.</subfield></datafield><datafield ind1=" " ind2=" " tag="260"><subfield code="c">c1983.</subfield></datafield><datafield ind1=" " ind2=" " tag="300"><subfield code="a">xi, 383 leaves ;</subfield><subfield code="c">30 cm.</subfield></datafield><datafield ind1=" " ind2=" " tag="500"><subfield code="a">English and Ga&#697;dang.</subfield></datafield><datafield ind1=" " ind2=" " tag="502"><subfield code="a">Thesis (Ph.D.)--University of Texas at Arlington, 1983.</subfield></datafield><datafield ind1=" " ind2=" " tag="504"><subfield code="a">Includes bibliographical references (p. 181-199).</subfield></datafield><datafield ind1=" " ind2="0" tag="650"><subfield code="a">Gaddang language</subfield><subfield code="x">Discourse analysis.</subfield></datafield><datafield ind1=" " ind2="0" tag="650"><subfield code="a">Gaddang (Philippine people)</subfield><subfield code="x">Social life and customs.</subfield></datafield><datafield ind1=" " ind2="0" tag="650"><subfield code="a">Ethnology</subfield><subfield code="z">Philippines.</subfield></datafield><datafield ind1=" " ind2=" " tag="035"><subfield code="a">(TxDaGIAL)37741100011170</subfield></datafield><controlfield tag="005">20080624160940.0</controlfield><controlfield tag="001">6911</controlfield><controlfield tag="003">TxDaGIAL</controlfield><datafield ind1=" " ind2=" " tag="852"><subfield code="p">37741100011170</subfield><subfield code="a">Library</subfield><subfield code="x">COPYID:8168</subfield><subfield code="x">FSC@aRegular@c19960426</subfield><subfield code="h">499.2126 W221p 1983</subfield><subfield code="z">9821</subfield></datafield></record>