
<record><leader>00813cam a2200253 i 4500</leader><controlfield tag="008">860204s1953    enk      b    00000 eng  </controlfield><datafield ind1=" " ind2=" " tag="010"><subfield code="a">   53003916</subfield></datafield><datafield ind1=" " ind2=" " tag="035"><subfield code="a">IAUG86-B12398</subfield></datafield><datafield ind1=" " ind2=" " tag="035"><subfield code="a">(CStRLIN)UG86-B12398</subfield></datafield><datafield ind1=" " ind2=" " tag="040"><subfield code="c">IaU</subfield></datafield><datafield ind1="0" ind2=" " tag="050"><subfield code="a">PK677</subfield><subfield code="b">.A4</subfield></datafield><datafield ind1=" " ind2=" " tag="082"><subfield code="a">491.215</subfield></datafield><datafield ind1="1" ind2="0" tag="100"><subfield code="a">Allen, W. Stannard</subfield><subfield code="q">(William Stannard)</subfield></datafield><datafield ind1="1" ind2="0" tag="245"><subfield code="a">Phonetics in ancient India.</subfield></datafield><datafield ind1="0" ind2=" " tag="260"><subfield code="a">London ;</subfield><subfield code="a">New York :</subfield><subfield code="b">Oxford University Press,</subfield><subfield code="c">1953.</subfield></datafield><datafield ind1=" " ind2=" " tag="300"><subfield code="a">x, 96 p. ;</subfield><subfield code="c">22 cm.</subfield></datafield><datafield ind1=" " ind2="0" tag="440"><subfield code="a">London oriental series, v.1</subfield></datafield><datafield ind1=" " ind2=" " tag="504"><subfield code="a">Bibliography: p.[ix]-x.</subfield></datafield><datafield ind1=" " ind2="0" tag="650"><subfield code="a">Sanskrit language</subfield><subfield code="x">Phonetics.</subfield></datafield><datafield ind1=" " ind2=" " tag="035"><subfield code="a">(TxDaGIAL)37741100013778</subfield></datafield><controlfield tag="005">20080624160943.0</controlfield><controlfield tag="001">6929</controlfield><controlfield tag="003">TxDaGIAL</controlfield><datafield ind1=" " ind2=" " tag="852"><subfield code="p">37741100013778</subfield><subfield code="a">Library</subfield><subfield code="9">$0.00</subfield><subfield code="x">COPYID:8188</subfield><subfield code="x">FSC@aRegular@c19961108</subfield><subfield code="h">491.215 A432p 1953</subfield><subfield code="z">replaced 1382  11/88</subfield></datafield></record>