
<record><leader>00908nam a22002531  4500</leader><controlfield tag="008">710426r1965    sw a     b    00000 eng  </controlfield><datafield ind1=" " ind2=" " tag="010"><subfield code="a">   68078103</subfield></datafield><datafield ind1=" " ind2=" " tag="015"><subfield code="a">S66-10</subfield></datafield><datafield ind1=" " ind2=" " tag="040"><subfield code="a">DLC</subfield><subfield code="c">DLC</subfield><subfield code="d">TxDaGIAL</subfield></datafield><datafield ind1="0" ind2=" " tag="041"><subfield code="a">eng</subfield><subfield code="b">swe</subfield></datafield><datafield ind1="0" ind2=" " tag="050"><subfield code="a">PD5131</subfield><subfield code="b">.E46 1965</subfield></datafield><datafield ind1="1" ind2="0" tag="100"><subfield code="a">Elert, Claes-Christian,</subfield><subfield code="d">1923-</subfield></datafield><datafield ind1="1" ind2="0" tag="245"><subfield code="a">Phonologic studies of quantity in Swedish :</subfield><subfield code="b">based on material from Stockholm speakers /</subfield><subfield code="c">by Claes-Christian Elert.</subfield></datafield><datafield ind1="0" ind2=" " tag="260"><subfield code="a">Uppsala :</subfield><subfield code="b">Almqvist &amp; Wiksells,</subfield><subfield code="c">1964.</subfield></datafield><datafield ind1=" " ind2=" " tag="300"><subfield code="a">224, (1) p. :</subfield><subfield code="b">ill. ;</subfield><subfield code="c">24 cm.</subfield></datafield><datafield ind1=" " ind2="0" tag="440"><subfield code="a">Monografier utgivna av Stockholms Kommunalf&#246;rvaltning</subfield></datafield><datafield ind1=" " ind2=" " tag="500"><subfield code="a">Summary in Swedish.</subfield></datafield><datafield ind1=" " ind2=" " tag="504"><subfield code="a">Bibliography: p. 215-[225].</subfield></datafield><datafield ind1=" " ind2="0" tag="650"><subfield code="a">Swedish language</subfield><subfield code="x">Phonology.</subfield></datafield><datafield ind1=" " ind2=" " tag="035"><subfield code="a">(TxDaGIAL)37741100012026</subfield></datafield><controlfield tag="005">20080624160944.0</controlfield><controlfield tag="001">6935</controlfield><controlfield tag="003">TxDaGIAL</controlfield><datafield ind1=" " ind2=" " tag="852"><subfield code="p">37741100012026</subfield><subfield code="a">Library</subfield><subfield code="x">COPYID:8194</subfield><subfield code="x">FSC@aRegular@c19960618</subfield><subfield code="h">439.7 E39p 1964</subfield><subfield code="z">2448</subfield></datafield></record>