
<record><leader>00856nam a2200229Ia 4500</leader><controlfield tag="008">950306s1994    cau      b    000 0 eng d</controlfield><datafield ind1=" " ind2=" " tag="035"><subfield code="a">(CU-UC)dlaisn9828484</subfield></datafield><datafield ind1=" " ind2=" " tag="040"><subfield code="a">CLU</subfield><subfield code="c">CLU</subfield><subfield code="d">TxDaGIAL</subfield></datafield><datafield ind1="1" ind2=" " tag="100"><subfield code="a">Nagahura, Hiroyuki,</subfield><subfield code="d">1954-</subfield></datafield><datafield ind1="1" ind2="0" tag="245"><subfield code="a">Phonological phrasing in Japanese /</subfield><subfield code="c">by Hiroyuki Nagahara.</subfield></datafield><datafield ind1=" " ind2=" " tag="260"><subfield code="c">1994.</subfield></datafield><datafield ind1=" " ind2=" " tag="300"><subfield code="a">vi, 105 p. ;</subfield><subfield code="c">28 cm.</subfield></datafield><datafield ind1=" " ind2="0" tag="440"><subfield code="a">UCLA dissertations in linguistics ;</subfield><subfield code="v">5</subfield></datafield><datafield ind1=" " ind2=" " tag="502"><subfield code="a">Thesis (Ph. D.)--UCLA, 1994.</subfield></datafield><datafield ind1=" " ind2=" " tag="504"><subfield code="a">Bibliography: p. 104-105.</subfield></datafield><datafield ind1=" " ind2="0" tag="650"><subfield code="a">Japanese language</subfield><subfield code="x">Phonology.</subfield></datafield><datafield ind1="2" ind2="0" tag="610"><subfield code="a">University of California, Los Angeles.</subfield><subfield code="b">Department of Linguistics</subfield><subfield code="x">Dissertations.</subfield></datafield><datafield ind1=" " ind2=" " tag="035"><subfield code="a">(TxDaGIAL)37741100014093</subfield></datafield><controlfield tag="005">20080624160948.0</controlfield><controlfield tag="001">6949</controlfield><controlfield tag="003">TxDaGIAL</controlfield><datafield ind1=" " ind2=" " tag="852"><subfield code="p">37741100014093</subfield><subfield code="a">Library</subfield><subfield code="9">$10.00</subfield><subfield code="x">FUND:Ling</subfield><subfield code="x">COPYID:8209</subfield><subfield code="x">FSC@aRegular@c19961203</subfield><subfield code="h">495.6 N147p 1994</subfield><subfield code="z">Direct order 11-96</subfield></datafield></record>