
<record><leader>01159cam a22002891i 4500</leader><controlfield tag="008">900107s1992    txua     b    000 0 eng  </controlfield><datafield ind1=" " ind2=" " tag="010"><subfield code="a">   92081460</subfield></datafield><datafield ind1=" " ind2=" " tag="020"><subfield code="a">0883121867 (pbk)</subfield></datafield><datafield ind1=" " ind2=" " tag="022"><subfield code="a">1040-4406</subfield></datafield><datafield ind1=" " ind2=" " tag="040"><subfield code="a">DLC</subfield><subfield code="c">TxDaGIAL</subfield><subfield code="d">TxDaGIAL</subfield></datafield><datafield ind1=" " ind2=" " tag="050"><subfield code="a">PL8227.1</subfield><subfield code="b">.R67 1992</subfield></datafield><datafield ind1=" " ind2=" " tag="082"><subfield code="a">496.33</subfield><subfield code="2">20</subfield></datafield><datafield ind1="1" ind2=" " tag="100"><subfield code="a">Rosendall, Heidi James.</subfield></datafield><datafield ind1="1" ind2="2" tag="245"><subfield code="a">A phonological study of the Gwari lects /</subfield><subfield code="c">Heidi James Rosendall.</subfield></datafield><datafield ind1=" " ind2=" " tag="260"><subfield code="a">Dallas, Tex. :</subfield><subfield code="b">Summer Institute of Linguistics,</subfield><subfield code="c">1992.</subfield></datafield><datafield ind1=" " ind2=" " tag="300"><subfield code="a">xi, 116 p. :</subfield><subfield code="b">ill. ;</subfield><subfield code="c">23 cm.</subfield></datafield><datafield ind1="1" ind2=" " tag="490"><subfield code="a">Language data, Africa series ;</subfield><subfield code="v">24</subfield></datafield><datafield ind1=" " ind2=" " tag="504"><subfield code="a">Includes bibliographical references: p. 115-116.</subfield></datafield><datafield ind1=" " ind2=" " tag="502"><subfield code="a">Originally presented as the author's thesis (M.A.), University of Ilorin, Nigeria, 1990.</subfield></datafield><datafield ind1=" " ind2="0" tag="650"><subfield code="a">Gbari language</subfield><subfield code="x">Phonology.</subfield></datafield><datafield ind1=" " ind2="0" tag="830"><subfield code="a">Language data.</subfield><subfield code="p">Africa series ;</subfield><subfield code="v">24.</subfield></datafield><datafield ind1=" " ind2=" " tag="035"><subfield code="a">(TxDaGIAL)37741100000128</subfield></datafield><controlfield tag="005">20080624160949.0</controlfield><controlfield tag="001">6956</controlfield><controlfield tag="003">TxDaGIAL</controlfield><datafield ind1=" " ind2=" " tag="852"><subfield code="p">37741100000128</subfield><subfield code="a">Library</subfield><subfield code="9">$10.00</subfield><subfield code="x">COPYID:8219</subfield><subfield code="x">FSC@aRegular@c19920701</subfield><subfield code="h">496.33 J27p 1992</subfield><subfield code="z">IAB 1992</subfield></datafield><datafield ind1=" " ind2=" " tag="852"><subfield code="p">37741100000138</subfield><subfield code="a">Library</subfield><subfield code="9">$10.00</subfield><subfield code="x">COPYID:8220</subfield><subfield code="x">FSC@aRegular@c19920701</subfield><subfield code="h">496.33 J27p 1992</subfield><subfield code="z">IAB 1992</subfield></datafield></record>