
<record><leader>00793nam a2200217 a 4500</leader><controlfield tag="008">970725s1985    txuabd        000 0 eng d</controlfield><datafield ind1=" " ind2=" " tag="040"><subfield code="a">TxDaGIAL</subfield><subfield code="c">TxDaGIAL</subfield></datafield><datafield ind1="1" ind2=" " tag="100"><subfield code="a">Gui, Ming Chao.</subfield></datafield><datafield ind1="1" ind2="4" tag="245"><subfield code="a">The phonological system of Guangzhouhua /</subfield><subfield code="c">by Ming Chao Gui.</subfield></datafield><datafield ind1=" " ind2=" " tag="260"><subfield code="c">1985.</subfield></datafield><datafield ind1=" " ind2=" " tag="300"><subfield code="a">vii, 143 leaves :</subfield><subfield code="b">ill., maps, charts ;</subfield><subfield code="c">29 cm.</subfield></datafield><datafield ind1=" " ind2=" " tag="502"><subfield code="a">Thesis (M.A.)--University of Texas at Arlington, 1985.</subfield></datafield><datafield ind1=" " ind2=" " tag="504"><subfield code="a">Bibliography: leaves 142-143.</subfield></datafield><datafield ind1=" " ind2="0" tag="650"><subfield code="a">Chinese language</subfield><subfield code="x">Dialects</subfield><subfield code="z">Phonology.</subfield></datafield><datafield ind1=" " ind2="0" tag="650"><subfield code="a">Cantonese dialects.</subfield></datafield><datafield ind1="2" ind2="0" tag="610"><subfield code="a">University of Texas at Arlington</subfield><subfield code="x">Dissertations.</subfield></datafield><datafield ind1=" " ind2=" " tag="035"><subfield code="a">(TxDaGIAL)37741100019261</subfield></datafield><controlfield tag="005">20080624160949.0</controlfield><controlfield tag="001">6957</controlfield><controlfield tag="003">TxDaGIAL</controlfield><datafield ind1=" " ind2=" " tag="852"><subfield code="p">37741100019261</subfield><subfield code="a">Library</subfield><subfield code="x">COPYID:8221</subfield><subfield code="x">FSC@aRegular@c19970723</subfield><subfield code="h">495.17 G943p 1985</subfield><subfield code="z">11651</subfield></datafield></record>