
<record><leader>00847pam a2200253 i 4500</leader><controlfield tag="008">800424s1980    nyu      b    00010 eng  </controlfield><datafield ind1=" " ind2=" " tag="010"><subfield code="a">   79006621</subfield></datafield><datafield ind1=" " ind2=" " tag="020"><subfield code="a">0824045521 :</subfield><subfield code="c">$25.00</subfield></datafield><datafield ind1=" " ind2=" " tag="040"><subfield code="a">DLC</subfield><subfield code="c">DLC</subfield></datafield><datafield ind1="0" ind2=" " tag="050"><subfield code="a">PM782</subfield><subfield code="b">.F6 1980</subfield></datafield><datafield ind1=" " ind2=" " tag="082"><subfield code="a">497/.5</subfield></datafield><datafield ind1="1" ind2="0" tag="100"><subfield code="a">Foley, Lawrence M.</subfield></datafield><datafield ind1="1" ind2="0" tag="245"><subfield code="a">Phonological variation in western Cherokee /</subfield><subfield code="c">Lawrence Foley.</subfield></datafield><datafield ind1="0" ind2=" " tag="260"><subfield code="a">New York :</subfield><subfield code="b">Garland Pub.,</subfield><subfield code="c">1980.</subfield></datafield><datafield ind1=" " ind2=" " tag="300"><subfield code="a">244 p. ;</subfield><subfield code="c">24 cm.</subfield></datafield><datafield ind1=" " ind2="0" tag="440"><subfield code="a">Outstanding dissertations in linguistics</subfield></datafield><datafield ind1=" " ind2=" " tag="500"><subfield code="a">A revision of the author's thesis, University of Texas.</subfield></datafield><datafield ind1=" " ind2=" " tag="504"><subfield code="a">Bibliography: p. 229-244.</subfield></datafield><datafield ind1=" " ind2="0" tag="650"><subfield code="a">Cherokee language</subfield><subfield code="x">Phonology.</subfield></datafield><datafield ind1=" " ind2=" " tag="035"><subfield code="a">(TxDaGIAL)37741100007114</subfield></datafield><controlfield tag="005">20080624160950.0</controlfield><controlfield tag="001">6960</controlfield><controlfield tag="003">TxDaGIAL</controlfield><datafield ind1=" " ind2=" " tag="852"><subfield code="p">37741100007114</subfield><subfield code="a">Library</subfield><subfield code="x">COPYID:8224</subfield><subfield code="x">FSC@aRegular@c19950823</subfield><subfield code="h">497.55 F663p 1980</subfield><subfield code="z">12208</subfield></datafield></record>