
<record><leader>01110nam a2200265Ii 4500</leader><controlfield tag="008">750227 1966    xx            00010 eng u</controlfield><datafield ind1=" " ind2=" " tag="010"><subfield code="a">a  65004001</subfield></datafield><datafield ind1=" " ind2=" " tag="035"><subfield code="a">(CU-UC)502566</subfield></datafield><datafield ind1=" " ind2=" " tag="040"><subfield code="c">CSU</subfield><subfield code="d">m.c.</subfield><subfield code="d">CLU</subfield></datafield><datafield ind1="0" ind2=" " tag="050"><subfield code="a">GN2</subfield><subfield code="b">.Y3 no.70</subfield></datafield><datafield ind1="1" ind2="0" tag="100"><subfield code="a">Hendon, Rufus S.</subfield></datafield><datafield ind1="1" ind2="4" tag="245"><subfield code="a">The phonology and morphology of Ulu Muar Malay :</subfield><subfield code="b">(Kuala Pilah District, Negri Sembilan, Malaya) /</subfield><subfield code="c">[by] Rufus S. Hendon.</subfield></datafield><datafield ind1="0" ind2=" " tag="260"><subfield code="a">New Haven :</subfield><subfield code="b">Dept. of Anthropology, Yale University,</subfield><subfield code="c">1966.</subfield></datafield><datafield ind1=" " ind2=" " tag="300"><subfield code="a">xvi, 160 p. ;</subfield><subfield code="c">24 cm.</subfield></datafield><datafield ind1="1" ind2=" " tag="490"><subfield code="a">Yale University ;</subfield><subfield code="v">no.70</subfield><subfield code="b">Dept. of Anthropology.</subfield><subfield code="t">Yale University publications in anthropology</subfield></datafield><datafield ind1=" " ind2=" " tag="500"><subfield code="a">Revised version of author's thesis, Yale University, 1960.</subfield></datafield><datafield ind1=" " ind2=" " tag="504"><subfield code="a">Bibliography: p.159-160.</subfield></datafield><datafield ind1=" " ind2=" " tag="546"><subfield code="a">English.</subfield></datafield><datafield ind1=" " ind2="0" tag="650"><subfield code="a">Malay language</subfield><subfield code="x">Dialects</subfield><subfield code="z">Malaysia</subfield><subfield code="z">Kuala Pilah District (Negeri Sembilan)</subfield></datafield><datafield ind1=" " ind2="0" tag="830"><subfield code="a">Yale University publications in anthropology ;</subfield><subfield code="v">no. 70.</subfield></datafield><datafield ind1=" " ind2=" " tag="035"><subfield code="a">(TxDaGIAL)37741100016815</subfield></datafield><controlfield tag="005">20080624160950.0</controlfield><controlfield tag="001">6962</controlfield><controlfield tag="003">TxDaGIAL</controlfield><datafield ind1=" " ind2=" " tag="852"><subfield code="p">37741100016815</subfield><subfield code="a">Library</subfield><subfield code="x">COPYID:8227</subfield><subfield code="x">FSC@aRegular@c19970416</subfield><subfield code="h">499.287 H495p 1966</subfield><subfield code="z">2125</subfield></datafield></record>