
<record><leader>00887cam a2200253Ia 4500</leader><controlfield tag="008">870114s1981    miub     b    00010 eng d</controlfield><datafield ind1=" " ind2=" " tag="035"><subfield code="a">(CU-UC)4825737</subfield></datafield><datafield ind1=" " ind2=" " tag="040"><subfield code="a">UIU</subfield><subfield code="c">UIU</subfield><subfield code="d">CU-S</subfield></datafield><datafield ind1=" " ind2=" " tag="094"><subfield code="a">etu00</subfield><subfield code="2">ROPAL</subfield></datafield><datafield ind1="1" ind2="0" tag="100"><subfield code="a">Watters, John Robert,</subfield><subfield code="d">1947-</subfield></datafield><datafield ind1="1" ind2="2" tag="245"><subfield code="a">A phonology and morphology of Ejagham :</subfield><subfield code="b">with notes on dialect variation /</subfield><subfield code="c">by John Robert Watters.</subfield></datafield><datafield ind1="1" ind2=" " tag="260"><subfield code="c">c1981.</subfield></datafield><datafield ind1=" " ind2=" " tag="300"><subfield code="a">xviii, 549 leaves :</subfield><subfield code="b">ill., 4 maps ;</subfield><subfield code="c">28 cm.</subfield></datafield><datafield ind1=" " ind2=" " tag="500"><subfield code="a">Vita.</subfield></datafield><datafield ind1=" " ind2=" " tag="502"><subfield code="a">Thesis (Ph. D.)--University of California, Los Angeles, 1981.</subfield></datafield><datafield ind1=" " ind2=" " tag="504"><subfield code="a">Bibliography: leaves 543-549.</subfield></datafield><datafield ind1=" " ind2=" " tag="546"><subfield code="a">English.</subfield></datafield><datafield ind1=" " ind2="0" tag="650"><subfield code="a">Ejagham language</subfield><subfield code="x">Phonology.</subfield></datafield><datafield ind1=" " ind2="0" tag="650"><subfield code="a">Ejagham language</subfield><subfield code="x">Morphology.</subfield></datafield><datafield ind1=" " ind2=" " tag="035"><subfield code="a">(TxDaGIAL)37741100015725</subfield></datafield><controlfield tag="005">20080624160950.0</controlfield><controlfield tag="001">6964</controlfield><controlfield tag="003">TxDaGIAL</controlfield><datafield ind1=" " ind2=" " tag="852"><subfield code="p">37741100015725</subfield><subfield code="a">Library</subfield><subfield code="x">COPYID:8229</subfield><subfield code="x">FSC@aRegular@c19970311</subfield><subfield code="h">496.36 W346p 1981</subfield><subfield code="z">11402</subfield></datafield></record>