
<record><leader>01477cam a2200313 a 4500</leader><controlfield tag="008">860311s1984    sy       b    00010 eng  </controlfield><datafield ind1=" " ind2=" " tag="010"><subfield code="a">   86129116 //r89</subfield></datafield><datafield ind1=" " ind2=" " tag="040"><subfield code="a">DLC</subfield><subfield code="c">DLC</subfield><subfield code="d">TxDaGIAL</subfield></datafield><datafield ind1="0" ind2=" " tag="050"><subfield code="a">PJ991</subfield><subfield code="b">.M66 vol. 9, issue 1</subfield><subfield code="a">PJ3261</subfield></datafield><datafield ind1="0" ind2=" " tag="082"><subfield code="a">492/.1</subfield><subfield code="2">19</subfield></datafield><datafield ind1="1" ind2="0" tag="100"><subfield code="a">Greenstein, Edward L.</subfield></datafield><datafield ind1="1" ind2="4" tag="245"><subfield code="a">The phonology of Akkadian syllable structure /</subfield><subfield code="c">by Edward L. Greenstein. Predicative state and inflection of the nominal predicate in Akkadian and Syriac / by Amikam Gai.</subfield></datafield><datafield ind1="0" ind2=" " tag="260"><subfield code="a">Malibu :</subfield><subfield code="b">Undena Publications,</subfield><subfield code="c">1984.</subfield></datafield><datafield ind1=" " ind2=" " tag="300"><subfield code="a">71 p. ;</subfield><subfield code="c">28 cm.</subfield></datafield><datafield ind1="1" ind2=" " tag="490"><subfield code="a">Afroasiatic linguistics ;</subfield><subfield code="v">9:1</subfield></datafield><datafield ind1="1" ind2=" " tag="490"><subfield code="a">Monographic journals of the Near East. Afroasiatic linguistics,</subfield><subfield code="x">0362-3637 ;</subfield><subfield code="v">v. 9, issue 1 (May 1984)</subfield></datafield><datafield ind1=" " ind2=" " tag="500"><subfield code="a">Cover title.</subfield></datafield><datafield ind1=" " ind2=" " tag="504"><subfield code="a">Includes bibliographies.</subfield></datafield><datafield ind1=" " ind2="0" tag="650"><subfield code="a">Akkadian language</subfield><subfield code="x">Phonology.</subfield></datafield><datafield ind1=" " ind2="0" tag="650"><subfield code="a">Akkadian language</subfield><subfield code="x">Syllabication.</subfield></datafield><datafield ind1="1" ind2="2" tag="700"><subfield code="a">Gai, Amikam.</subfield><subfield code="t">Predicative state and inflection of the nominal predicate in Akkadian and Syriac.</subfield><subfield code="f">1984.</subfield></datafield><datafield ind1="0" ind2="1" tag="740"><subfield code="a">Predicative state and inflection of the nominal predicate in Akkadian and Syriac.</subfield></datafield><datafield ind1=" " ind2="0" tag="830"><subfield code="a">Monographic journals of the Near East.</subfield><subfield code="p">Afroasiatic linguistics ;</subfield><subfield code="v">v. 9, issue 1.</subfield></datafield><datafield ind1=" " ind2="0" tag="830"><subfield code="a">Monographic journals of the Near East.</subfield><subfield code="p">Afroasiatic linguistics ;</subfield><subfield code="v">9:1.</subfield></datafield><datafield ind1=" " ind2=" " tag="035"><subfield code="a">(TxDaGIAL)37741100007064</subfield></datafield><controlfield tag="005">20080624160951.0</controlfield><controlfield tag="001">6968</controlfield><controlfield tag="003">TxDaGIAL</controlfield><datafield ind1=" " ind2=" " tag="852"><subfield code="p">37741100007064</subfield><subfield code="a">Library</subfield><subfield code="x">COPYID:8233</subfield><subfield code="x">FSC@aRegular@c19950822</subfield><subfield code="h">492 A258 9:1 1984</subfield></datafield></record>