
<record><leader>00858nam a2200229 a 4500</leader><controlfield tag="008">970412s1991    txu           000 0 eng d</controlfield><datafield ind1=" " ind2=" " tag="040"><subfield code="a">TxDaGIAL</subfield><subfield code="c">TxDaGIAL</subfield></datafield><datafield ind1=" " ind2=" " tag="094"><subfield code="a">frd00</subfield><subfield code="2">ROPAL</subfield></datafield><datafield ind1="1" ind2=" " tag="100"><subfield code="a">Marshall, Craig.</subfield></datafield><datafield ind1="1" ind2="2" tag="245"><subfield code="a">A phonology of Fordata /</subfield><subfield code="c">by Craig Marshall.</subfield></datafield><datafield ind1=" " ind2=" " tag="260"><subfield code="c">1991.</subfield></datafield><datafield ind1=" " ind2=" " tag="300"><subfield code="a">77 leaves :</subfield><subfield code="b">[iv], 77 leaves ;</subfield><subfield code="c">28 cm.</subfield></datafield><datafield ind1=" " ind2=" " tag="502"><subfield code="a">Thesis (M.A.)--University of Texas at Arlington, 1991.</subfield></datafield><datafield ind1=" " ind2=" " tag="504"><subfield code="a">Includes bibliographical references (leaves 76-77).</subfield></datafield><datafield ind1=" " ind2="0" tag="651"><subfield code="a">Maluku (Indonesia)</subfield><subfield code="x">Languages.</subfield></datafield><datafield ind1=" " ind2="0" tag="650"><subfield code="a">Fordata language</subfield><subfield code="x">Phonology.</subfield></datafield><datafield ind1="2" ind2="0" tag="610"><subfield code="a">University of Texas at Arlington.</subfield><subfield code="b">Graduate School</subfield><subfield code="x">Dissertations.</subfield></datafield><datafield ind1=" " ind2=" " tag="035"><subfield code="a">(TxDaGIAL)37741100016748</subfield></datafield><controlfield tag="005">20080624160951.0</controlfield><controlfield tag="001">6969</controlfield><controlfield tag="003">TxDaGIAL</controlfield><datafield ind1=" " ind2=" " tag="852"><subfield code="p">37741100016748</subfield><subfield code="a">Library</subfield><subfield code="9">$0.00</subfield><subfield code="x">COPYID:8234</subfield><subfield code="x">FSC@aRegular@c19970414</subfield><subfield code="h">499.224 M367p 1991</subfield><subfield code="z">Author gift 6-91</subfield></datafield></record>