
<record><leader>00794nam a2200217 a 4500</leader><controlfield tag="008">970423s1985    txu           000 0 eng d</controlfield><datafield ind1=" " ind2=" " tag="040"><subfield code="a">TxDaGIAL</subfield><subfield code="c">TxDaGIAL</subfield></datafield><datafield ind1="1" ind2=" " tag="100"><subfield code="a">Schooling, Stephen J.</subfield></datafield><datafield ind1="1" ind2="4" tag="245"><subfield code="a">The phonology of Yuanga a language of New Caledonia /</subfield><subfield code="c">by Stephen James Schooling.</subfield></datafield><datafield ind1=" " ind2=" " tag="260"><subfield code="c">1985.</subfield></datafield><datafield ind1=" " ind2=" " tag="300"><subfield code="a">x, 126 leaves ;</subfield><subfield code="c">28 cm.</subfield></datafield><datafield ind1=" " ind2=" " tag="502"><subfield code="a">Thesis (M.A.)--University of Texas at Arlington, 1985.</subfield></datafield><datafield ind1=" " ind2=" " tag="504"><subfield code="a">Bibliography : leaves 119-126.</subfield></datafield><datafield ind1=" " ind2="0" tag="651"><subfield code="a">New Caledonia</subfield><subfield code="x">Languages.</subfield></datafield><datafield ind1=" " ind2="0" tag="650"><subfield code="a">Yuanga language</subfield><subfield code="x">Phonology.</subfield></datafield><datafield ind1="2" ind2="0" tag="610"><subfield code="a">University of Texas at Arlington</subfield><subfield code="x">Dissertations.</subfield></datafield><datafield ind1=" " ind2=" " tag="035"><subfield code="a">(TxDaGIAL)37741100017132</subfield></datafield><controlfield tag="005">20080624160952.0</controlfield><controlfield tag="001">6972</controlfield><controlfield tag="003">TxDaGIAL</controlfield><datafield ind1=" " ind2=" " tag="852"><subfield code="p">37741100017132</subfield><subfield code="a">Library</subfield><subfield code="x">COPYID:8237</subfield><subfield code="x">FSC@aRegular@c19970424</subfield><subfield code="h">499.597 S372p 1985</subfield><subfield code="z">11424</subfield></datafield></record>