
<record><leader>00839nam a2200205 a 4500</leader><controlfield tag="008">970224s1993    txu           000 0 eng d</controlfield><datafield ind1=" " ind2=" " tag="040"><subfield code="a">TxDaGIAL</subfield><subfield code="c">TxDaGIAL</subfield></datafield><datafield ind1="1" ind2=" " tag="100"><subfield code="a">Bostrom, Mark Wayne.</subfield></datafield><datafield ind1="1" ind2="4" tag="245"><subfield code="a">The pitch-accent component of Japanese phonology :</subfield><subfield code="b">a description demonstrating the usefulness of phonotactically motivated rules /</subfield><subfield code="c">by Mark Wayne Bostorm.</subfield></datafield><datafield ind1=" " ind2=" " tag="260"><subfield code="c">c1993.</subfield></datafield><datafield ind1=" " ind2=" " tag="300"><subfield code="a">x, 189 p. ;</subfield><subfield code="c">29 cm.</subfield></datafield><datafield ind1=" " ind2=" " tag="502"><subfield code="a">Thesis (M.A.)--The University of Texas at Arlington, 1993.</subfield></datafield><datafield ind1=" " ind2=" " tag="504"><subfield code="a">Bibliography : p. 187-189.</subfield></datafield><datafield ind1=" " ind2="0" tag="650"><subfield code="a">Japanese language</subfield><subfield code="x">Phonology.</subfield></datafield><datafield ind1="2" ind2="0" tag="610"><subfield code="a">University of Texas.</subfield><subfield code="b">Graduate School</subfield><subfield code="x">Thesis.</subfield></datafield><datafield ind1=" " ind2=" " tag="035"><subfield code="a">(TxDaGIAL)37741100015387</subfield></datafield><controlfield tag="005">20080624161000.0</controlfield><controlfield tag="001">7002</controlfield><controlfield tag="003">TxDaGIAL</controlfield><datafield ind1=" " ind2=" " tag="852"><subfield code="p">37741100015387</subfield><subfield code="a">Library</subfield><subfield code="9">$0.00</subfield><subfield code="x">COPYID:8276</subfield><subfield code="x">FSC@aRegular@c19970224</subfield><subfield code="h">495.616 B747p 1993</subfield><subfield code="z">Author gift 7-93</subfield></datafield></record>