
<record><leader>00796nam a2200229 a 4500</leader><controlfield tag="008">970416s1976    txu           000 0 eng d</controlfield><datafield ind1=" " ind2=" " tag="040"><subfield code="a">TxDaGIAL</subfield><subfield code="c">TxDaGIAL</subfield></datafield><datafield ind1=" " ind2=" " tag="094"><subfield code="a">hro00</subfield><subfield code="2">ROPAL</subfield></datafield><datafield ind1="1" ind2=" " tag="100"><subfield code="a">Burnham, Eugene.</subfield></datafield><datafield ind1="1" ind2="4" tag="245"><subfield code="a">The place of Haroi in the Chamic languages /</subfield><subfield code="c">by Eugene Courtney Bunrham.</subfield></datafield><datafield ind1=" " ind2=" " tag="260"><subfield code="c">1976.</subfield></datafield><datafield ind1=" " ind2=" " tag="300"><subfield code="a">x, 87 leaves ;</subfield><subfield code="c">29 cm.</subfield></datafield><datafield ind1=" " ind2=" " tag="502"><subfield code="a">Thesis (M.A.)--University of Texas at Arlington, 1976.</subfield></datafield><datafield ind1=" " ind2=" " tag="504"><subfield code="a">Bibliography : leaves 84-86.</subfield></datafield><datafield ind1=" " ind2="0" tag="650"><subfield code="a">Chamic languages.</subfield></datafield><datafield ind1=" " ind2="0" tag="650"><subfield code="a">Haroi language.</subfield></datafield><datafield ind1="2" ind2="0" tag="610"><subfield code="a">University of Texas at Arlington.</subfield><subfield code="b">Graduate School</subfield><subfield code="x">Dissertations.</subfield></datafield><datafield ind1=" " ind2=" " tag="035"><subfield code="a">(TxDaGIAL)37741100016788</subfield></datafield><controlfield tag="005">20080624161000.0</controlfield><controlfield tag="001">7004</controlfield><controlfield tag="003">TxDaGIAL</controlfield><datafield ind1=" " ind2=" " tag="852"><subfield code="p">37741100016788</subfield><subfield code="a">Library</subfield><subfield code="x">COPYID:8278</subfield><subfield code="x">FSC@aRegular@c19970416</subfield><subfield code="h">499.25 B966p 1976</subfield></datafield></record>