
<record><leader>00946cam a2200277   4500</leader><controlfield tag="008">740201s1973    pau      b    00010 eng  </controlfield><datafield ind1=" " ind2=" " tag="010"><subfield code="a">   73079574 //r89</subfield></datafield><datafield ind1=" " ind2=" " tag="020"><subfield code="a">0871696355</subfield></datafield><datafield ind1=" " ind2=" " tag="040"><subfield code="d">OCoLC</subfield></datafield><datafield ind1="0" ind2=" " tag="041"><subfield code="a">engcre</subfield></datafield><datafield ind1="0" ind2=" " tag="050"><subfield code="a">PM987</subfield><subfield code="b">.W6</subfield></datafield><datafield ind1=" " ind2=" " tag="082"><subfield code="a">497/.3</subfield></datafield><datafield ind1="1" ind2="0" tag="100"><subfield code="a">Wolfart, H. Christoph.</subfield></datafield><datafield ind1="1" ind2="0" tag="245"><subfield code="a">Plains Cree :</subfield><subfield code="b">a grammatical study /</subfield><subfield code="c">[by] H. Christoph Wolfart.</subfield></datafield><datafield ind1="0" ind2=" " tag="260"><subfield code="a">Philadelphia :</subfield><subfield code="b">American Philosophical Society,</subfield><subfield code="c">1973.</subfield></datafield><datafield ind1=" " ind2=" " tag="300"><subfield code="a">90 p. ;</subfield><subfield code="c">30 cm.</subfield></datafield><datafield ind1=" " ind2="0" tag="440"><subfield code="a">Transactions of the American Philosophical Society ;</subfield><subfield code="v">new ser., v. 63, pt. 5</subfield></datafield><datafield ind1=" " ind2=" " tag="504"><subfield code="a">Bibliography: p. 89-90.</subfield></datafield><datafield ind1=" " ind2="0" tag="650"><subfield code="a">Cree language</subfield><subfield code="x">Grammar.</subfield></datafield><datafield ind1=" " ind2="0" tag="650"><subfield code="a">Cree language</subfield><subfield code="x">Dialects</subfield><subfield code="z">Alberta.</subfield></datafield><datafield ind1=" " ind2="0" tag="650"><subfield code="a">Cree language</subfield><subfield code="x">Dialects</subfield><subfield code="z">Saskatchewan.</subfield></datafield><datafield ind1=" " ind2=" " tag="035"><subfield code="a">(TxDaGIAL)37741100012610</subfield></datafield><controlfield tag="005">20080624161001.0</controlfield><controlfield tag="001">7007</controlfield><controlfield tag="003">TxDaGIAL</controlfield><datafield ind1=" " ind2=" " tag="852"><subfield code="p">37741100012610</subfield><subfield code="a">Library</subfield><subfield code="x">COPYID:8281</subfield><subfield code="x">FSC@aRegular@c19960718</subfield><subfield code="h">497.33 W855p 1973</subfield><subfield code="z">3830</subfield></datafield></record>