
<record><leader>00849nam a22002175a 4500</leader><controlfield tag="008">920829s1984    io            000 0 eng  </controlfield><datafield ind1=" " ind2=" " tag="010"><subfield code="a">   92207800</subfield></datafield><datafield ind1=" " ind2=" " tag="040"><subfield code="a">DLC</subfield><subfield code="c">DLC</subfield><subfield code="d">TxDaGIAL</subfield></datafield><datafield ind1="0" ind2="0" tag="050"><subfield code="a">IN PROCESS</subfield></datafield><datafield ind1="1" ind2=" " tag="100"><subfield code="a">Verheijen, J. A. J.</subfield></datafield><datafield ind1="1" ind2="0" tag="245"><subfield code="a">Plant names in Austronesian linguistics /</subfield><subfield code="c">by Jilis A.J. Verheijen.</subfield></datafield><datafield ind1=" " ind2=" " tag="260"><subfield code="a">Jakarta :</subfield><subfield code="b">Badan Penyelenggara Seri NUSA, Universitas Katolik Indonesia Atma Jaya,</subfield><subfield code="c">1984.</subfield></datafield><datafield ind1=" " ind2=" " tag="300"><subfield code="a">98 p. ;</subfield><subfield code="c">27 cm.</subfield></datafield><datafield ind1=" " ind2="0" tag="440"><subfield code="a">NUSA : linguistic studies of Indonesian and other languages in Indonesia,</subfield><subfield code="x">0126-2874 ;</subfield><subfield code="v">vol. 20</subfield></datafield><datafield ind1=" " ind2="0" tag="650"><subfield code="a">Austronesian languages</subfield><subfield code="x">Plant names.</subfield></datafield><datafield ind1=" " ind2="0" tag="650"><subfield code="a">Manggarai language (Indonesia)</subfield></datafield><datafield ind1=" " ind2=" " tag="035"><subfield code="a">(TxDaGIAL)37741100011947</subfield></datafield><controlfield tag="005">20080624161005.0</controlfield><controlfield tag="001">7024</controlfield><controlfield tag="003">TxDaGIAL</controlfield><datafield ind1=" " ind2=" " tag="852"><subfield code="p">37741100011947</subfield><subfield code="a">Library</subfield><subfield code="x">COPYID:8301</subfield><subfield code="x">FSC@aRegular@c19960618</subfield><subfield code="h">499.2 V513p 1984</subfield><subfield code="z">12346</subfield></datafield></record>