
<record><leader>00741cam a2200205 i 4500</leader><controlfield tag="008">900607r19511946enk           0 0 0 eng x</controlfield><datafield ind1=" " ind2=" " tag="040"><subfield code="a">OTU</subfield><subfield code="d">TxDaGIAL</subfield></datafield><datafield ind1=" " ind2="4" tag="050"><subfield code="a">PF3640</subfield><subfield code="b">B3</subfield></datafield><datafield ind1="1" ind2="0" tag="100"><subfield code="a">Barker, M. L.</subfield><subfield code="q">(Marie Louise),</subfield><subfield code="d">1890-1961.</subfield></datafield><datafield ind1="1" ind2="4" tag="245"><subfield code="a">The pocket Oxford German dictionary /</subfield><subfield code="c">compiled by M.L. Barker and H. Homeyer.</subfield></datafield><datafield ind1="0" ind2=" " tag="260"><subfield code="a">Oxford :</subfield><subfield code="b">Clarendon Press,</subfield><subfield code="c">1951, 1946.</subfield></datafield><datafield ind1=" " ind2=" " tag="300"><subfield code="a">439 p.</subfield></datafield><datafield ind1=" " ind2=" " tag="500"><subfield code="a">Reprinted with corrections and addenda 1951.</subfield></datafield><datafield ind1=" " ind2="0" tag="650"><subfield code="a">German language</subfield><subfield code="v">Dictionaries</subfield><subfield code="x">English.</subfield></datafield><datafield ind1="1" ind2="0" tag="700"><subfield code="a">Homeyer, H.</subfield><subfield code="q">(Helene),</subfield><subfield code="d">1898-</subfield></datafield><datafield ind1=" " ind2=" " tag="035"><subfield code="a">(TxDaGIAL)37741100014081</subfield></datafield><controlfield tag="005">20080624161008.0</controlfield><controlfield tag="001">7039</controlfield><controlfield tag="003">TxDaGIAL</controlfield><datafield ind1=" " ind2=" " tag="852"><subfield code="p">37741100014081</subfield><subfield code="a">Library</subfield><subfield code="x">COPYID:8319</subfield><subfield code="x">FSC@aRegular@c19961203</subfield><subfield code="h">433.21 B255g 1951</subfield><subfield code="z">584</subfield></datafield></record>