
<record><leader>01059 am a2200229 a 4500</leader><controlfield tag="008">800222s1958    oku           000 0 eng  </controlfield><datafield ind1=" " ind2=" " tag="035"><subfield code="a">(CU-UC)2843183</subfield></datafield><datafield ind1="1" ind2=" " tag="100"><subfield code="a">Mayers, Marvin Keene,</subfield><subfield code="d">1927-</subfield></datafield><datafield ind1="1" ind2="0" tag="245"><subfield code="a">Pocomchi texts :</subfield><subfield code="b">with grammatical notes /</subfield><subfield code="c">by Marvin Mayers ; illustrated by Katherine Voigtlander; introd. by Norman McQuown; edited by Benjamin Elson.</subfield></datafield><datafield ind1=" " ind2=" " tag="260"><subfield code="a">Norman :</subfield><subfield code="b">Summer Institute of Linguistics of the University of Oklahoma,</subfield><subfield code="c">1958.</subfield></datafield><datafield ind1=" " ind2=" " tag="300"><subfield code="a">x, 149 p. :</subfield><subfield code="b">ill.</subfield></datafield><datafield ind1="1" ind2=" " tag="490"><subfield code="a">Linguistics series, no.2</subfield></datafield><datafield ind1=" " ind2=" " tag="546"><subfield code="a">English and Pokomchi.</subfield></datafield><datafield ind1=" " ind2="0" tag="650"><subfield code="a">Pokonchi language</subfield><subfield code="v">Texts.</subfield></datafield><datafield ind1="1" ind2="0" tag="700"><subfield code="a">Elson, Benjamin F.</subfield><subfield code="q">(Benjamin Franklin),</subfield><subfield code="d">1921-</subfield></datafield><datafield ind1=" " ind2="0" tag="830"><subfield code="a">Linguistic series (Summer Institute of Linguistics) ;</subfield><subfield code="v">no.2.</subfield></datafield><datafield ind1=" " ind2=" " tag="035"><subfield code="a">(TxDaGIAL)37741100016362</subfield></datafield><controlfield tag="005">20080624161008.0</controlfield><controlfield tag="001">7040</controlfield><controlfield tag="003">TxDaGIAL</controlfield><datafield ind1=" " ind2=" " tag="852"><subfield code="p">37741100016362</subfield><subfield code="a">Library</subfield><subfield code="x">COPYID:8320</subfield><subfield code="x">FSC@aRegular@c19970328</subfield><subfield code="h">497.41513 M468p 1958</subfield><subfield code="z">1899</subfield></datafield><datafield ind1=" " ind2=" " tag="852"><subfield code="p">37741100024485</subfield><subfield code="a">Library</subfield><subfield code="9">$0.00</subfield><subfield code="x">FUND:Gift</subfield><subfield code="x">COPYID:8321</subfield><subfield code="x">FSC@aRegular@c20010208</subfield><subfield code="h">497.41513 M468p 1958</subfield><subfield code="z">Gift 10-00</subfield></datafield></record>