
<record><leader>00864cam a2200229Ii 4500</leader><controlfield tag="008">810217s1960    rur           00000 rus d</controlfield><datafield ind1=" " ind2=" " tag="010"><subfield code="a">   60031728</subfield></datafield><datafield ind1=" " ind2=" " tag="035"><subfield code="a">(CU-UC)5491382</subfield></datafield><datafield ind1=" " ind2=" " tag="040"><subfield code="a">TXA</subfield><subfield code="c">TXA</subfield><subfield code="d">SER</subfield><subfield code="d">m/c</subfield></datafield><datafield ind1="1" ind2="0" tag="100"><subfield code="a">Bykova, E. M.</subfield><subfield code="q">(Evgeni&#65056;i&#65057;a Mikha&#301;lovna)</subfield></datafield><datafield ind1="0" ind2="0" tag="240"><subfield code="a">Podlezhashchee i skazuemoe v sovremennom bengal&#697;skom &#65056;i&#65057;azyke</subfield></datafield><datafield ind1="1" ind2="0" tag="245"><subfield code="a">Podlezhashchee i skazuemoe v sovremennom bengal&#697;skom &#65056;i&#65057;azyke.</subfield></datafield><datafield ind1="0" ind2=" " tag="260"><subfield code="a">Moskva :</subfield><subfield code="b">Izd-vo vostochno&#301; let-ry,</subfield><subfield code="c">1960.</subfield></datafield><datafield ind1=" " ind2=" " tag="300"><subfield code="a">148 p.</subfield></datafield><datafield ind1=" " ind2=" " tag="500"><subfield code="a">At head of title: Akademi&#65056;i&#65057;a nauk SSSR. Institut vostokovedeni&#65056;i&#65057;a. (romanized form)</subfield></datafield><datafield ind1=" " ind2=" " tag="546"><subfield code="a">Russian.</subfield></datafield><datafield ind1=" " ind2="0" tag="650"><subfield code="a">Bengali language</subfield><subfield code="x">Syntax.</subfield></datafield><datafield ind1=" " ind2=" " tag="035"><subfield code="a">(TxDaGIAL)37741100018983</subfield></datafield><controlfield tag="005">20080624161008.0</controlfield><controlfield tag="001">7041</controlfield><controlfield tag="003">TxDaGIAL</controlfield><datafield ind1=" " ind2=" " tag="852"><subfield code="p">37741100018983</subfield><subfield code="a">Library</subfield><subfield code="x">COPYID:8322</subfield><subfield code="x">FSC@aRegular@c19970714</subfield><subfield code="h">491.44 B993 1960</subfield></datafield></record>