
<record><leader>01512nam a2200373Ia 4500</leader><controlfield tag="008">930707s1991    io a          000 0 map d</controlfield><datafield ind1=" " ind2=" " tag="010"><subfield code="a">   91947162</subfield></datafield><datafield ind1=" " ind2=" " tag="020"><subfield code="a">9798132351</subfield></datafield><datafield ind1=" " ind2=" " tag="035"><subfield code="a">(CU-UC)8404338</subfield></datafield><datafield ind1=" " ind2=" " tag="040"><subfield code="a">JNA</subfield><subfield code="c">JNA</subfield><subfield code="d">CUY</subfield></datafield><datafield ind1="0" ind2=" " tag="041"><subfield code="a">mapindeng</subfield></datafield><datafield ind1=" " ind2=" " tag="043"><subfield code="a">a-io---</subfield></datafield><datafield ind1="0" ind2="0" tag="245"><subfield code="a">Porobuan sanda&#702; ilio tia wurung Balantak =</subfield><subfield code="b">Percakapan sehari-hari dalam bahasa Balantak = Daily conversations in Balantak /</subfield><subfield code="c">redaktur, Husen Abas, T. David Andersen.</subfield></datafield><datafield ind1=" " ind2=" " tag="250"><subfield code="a">Ed. 1.</subfield></datafield><datafield ind1=" " ind2=" " tag="260"><subfield code="a">Palu, Sulawesi Tengah :</subfield><subfield code="b">Universitas Hasanuddin :</subfield><subfield code="b">Universitas Tadulako :</subfield><subfield code="b">Summer Institute of Linguistics,</subfield><subfield code="c">1991.</subfield></datafield><datafield ind1=" " ind2=" " tag="300"><subfield code="a">xxii, 115 p. :</subfield><subfield code="b">ill. ;</subfield><subfield code="c">22 cm.</subfield></datafield><datafield ind1="1" ind2=" " tag="490"><subfield code="a">Publikasi UNHAS-SIL. Seri A ;</subfield><subfield code="v">jil 8</subfield></datafield><datafield ind1=" " ind2=" " tag="500"><subfield code="a">Balantak, English, and Indonesian.</subfield></datafield><datafield ind1=" " ind2=" " tag="500"><subfield code="a">Cover title.</subfield></datafield><datafield ind1=" " ind2=" " tag="546"><subfield code="a">Malayo-Polynesian.</subfield></datafield><datafield ind1=" " ind2="0" tag="650"><subfield code="a">Balantak language</subfield><subfield code="v">Conversation and phrase books</subfield><subfield code="x">Indonesian.</subfield></datafield><datafield ind1=" " ind2="0" tag="650"><subfield code="a">Banlantak language</subfield><subfield code="v">Conversation and phrase books</subfield><subfield code="x">English.</subfield></datafield><datafield ind1=" " ind2="0" tag="651"><subfield code="a">Sulawesi Tengah (Indonesia)</subfield><subfield code="x">Languages.</subfield></datafield><datafield ind1="1" ind2="0" tag="700"><subfield code="a">Abas, Husen.</subfield></datafield><datafield ind1="1" ind2="0" tag="700"><subfield code="a">Andersen, T. David.</subfield></datafield><datafield ind1="2" ind2="0" tag="710"><subfield code="a">Summer Institute of Linguistics.</subfield></datafield><datafield ind1="0" ind2="1" tag="740"><subfield code="a">Percakapan sehari-hari dalam bahasa Balantak.</subfield></datafield><datafield ind1="0" ind2="1" tag="740"><subfield code="a">Daily conversations in Balantak.</subfield></datafield><datafield ind1=" " ind2="0" tag="830"><subfield code="a">Publikasi UNHAS-SIL.</subfield><subfield code="p">Seri A ;</subfield><subfield code="v">jil 8.</subfield></datafield><datafield ind1=" " ind2=" " tag="035"><subfield code="a">(TxDaGIAL)37741100016705</subfield></datafield><controlfield tag="005">20080624161022.0</controlfield><controlfield tag="001">7094</controlfield><controlfield tag="003">TxDaGIAL</controlfield><datafield ind1=" " ind2=" " tag="852"><subfield code="p">37741100016705</subfield><subfield code="a">Library</subfield><subfield code="9">$0.00</subfield><subfield code="x">COPYID:8377</subfield><subfield code="x">FSC@aRegular@c19970414</subfield><subfield code="h">499.226 P836p 1991</subfield><subfield code="z">Gift 10-92</subfield></datafield></record>