
<record><leader>00959cam a2200277 i 4500</leader><controlfield tag="008">800102s1978    onc      bd  f00110 eng  </controlfield><datafield ind1=" " ind2=" " tag="010"><subfield code="a">   79321726 //r85</subfield></datafield><datafield ind1=" " ind2=" " tag="015"><subfield code="a">C***</subfield></datafield><datafield ind1=" " ind2=" " tag="040"><subfield code="a">DLC</subfield><subfield code="c">DLC</subfield><subfield code="d">TxDaGIAL</subfield></datafield><datafield ind1="0" ind2=" " tag="050"><subfield code="a">PM831.Z5</subfield><subfield code="b">D8</subfield></datafield><datafield ind1=" " ind2=" " tag="082"><subfield code="a">497/.4</subfield></datafield><datafield ind1="1" ind2="0" tag="100"><subfield code="a">Dunn, John Asher.</subfield></datafield><datafield ind1="1" ind2="2" tag="245"><subfield code="a">A practical dictionary of the Coast Tsimshian language /</subfield><subfield code="c">John Asher Dunn.</subfield></datafield><datafield ind1="0" ind2=" " tag="260"><subfield code="a">Ottawa :</subfield><subfield code="b">National Museums of Canada,</subfield><subfield code="c">1978.</subfield></datafield><datafield ind1=" " ind2=" " tag="300"><subfield code="a">x, 155 p. ;</subfield><subfield code="c">28 cm.</subfield></datafield><datafield ind1=" " ind2="0" tag="440"><subfield code="a">Mercury series,</subfield><subfield code="x">0316-1854</subfield></datafield><datafield ind1="1" ind2=" " tag="490"><subfield code="a">Paper - Canadian Ethnology Service ; no. 42,</subfield><subfield code="x">0316-1862</subfield></datafield><datafield ind1=" " ind2=" " tag="504"><subfield code="a">Bibliography: p. 145.</subfield></datafield><datafield ind1=" " ind2=" " tag="500"><subfield code="a">Includes index.</subfield></datafield><datafield ind1=" " ind2="0" tag="650"><subfield code="a">Tsimshian language</subfield><subfield code="v">Dictionaries</subfield><subfield code="x">English.</subfield></datafield><datafield ind1=" " ind2="0" tag="830"><subfield code="a">Paper (Canadian Ethnology Service) ;</subfield><subfield code="v">no. 42.</subfield></datafield><datafield ind1=" " ind2=" " tag="035"><subfield code="a">(TxDaGIAL)37741100009174</subfield></datafield><controlfield tag="005">20080624161030.0</controlfield><controlfield tag="001">7125</controlfield><controlfield tag="003">TxDaGIAL</controlfield><datafield ind1=" " ind2=" " tag="852"><subfield code="p">37741100009174</subfield><subfield code="a">Library</subfield><subfield code="x">COPYID:8413</subfield><subfield code="x">FSC@aRegular@c19951101</subfield><subfield code="h">497.4 D923p 1978</subfield><subfield code="z">10849</subfield></datafield></record>