
<record><leader>00843nam a2200253 i 4500</leader><controlfield tag="008">790405s1979    ii            00000 eng d</controlfield><datafield ind1=" " ind2=" " tag="035"><subfield code="a">(CU-UC)dlaisn829562</subfield></datafield><datafield ind1=" " ind2=" " tag="040"><subfield code="a">OUa</subfield><subfield code="c">OUa</subfield><subfield code="d">CU-SB</subfield><subfield code="d">CStRLIN</subfield></datafield><datafield ind1="0" ind2=" " tag="041"><subfield code="a">enghin</subfield></datafield><datafield ind1="0" ind2="2" tag="245"><subfield code="a">A practical Hindi-English dictionary /</subfield><subfield code="c">editors, Mahendra Chaturvedi, B. N. Tiwari.</subfield></datafield><datafield ind1=" " ind2=" " tag="250"><subfield code="a">5th ed.</subfield></datafield><datafield ind1="0" ind2=" " tag="260"><subfield code="a">Delhi :</subfield><subfield code="b">National Pub. House,</subfield><subfield code="c">1979.</subfield></datafield><datafield ind1=" " ind2=" " tag="300"><subfield code="a">xvi, 875 p. ;</subfield><subfield code="c">23 cm.</subfield></datafield><datafield ind1=" " ind2=" " tag="500"><subfield code="a">In Hindi.</subfield></datafield><datafield ind1=" " ind2=" " tag="546"><subfield code="a">English.</subfield></datafield><datafield ind1=" " ind2="0" tag="650"><subfield code="a">Hindi language</subfield><subfield code="v">Dictionaries</subfield><subfield code="x">English.</subfield></datafield><datafield ind1="1" ind2="0" tag="700"><subfield code="a">Caturved&#299;, Mahendra.</subfield></datafield><datafield ind1="1" ind2="0" tag="700"><subfield code="a">Tiwari, Bholanath,</subfield><subfield code="d">1923-</subfield></datafield><datafield ind1="0" ind2="1" tag="740"><subfield code="a">Vy&#257;vaharika Hindi Angrezi kosa.</subfield></datafield><datafield ind1=" " ind2=" " tag="035"><subfield code="a">(TxDaGIAL)37741100014550</subfield></datafield><controlfield tag="005">20080624161031.0</controlfield><controlfield tag="001">7132</controlfield><controlfield tag="003">TxDaGIAL</controlfield><datafield ind1=" " ind2=" " tag="852"><subfield code="p">37741100014550</subfield><subfield code="a">Library</subfield><subfield code="x">COPYID:8420</subfield><subfield code="x">FSC@aRegular@c19970121</subfield><subfield code="h">491.43321 C495p 1979</subfield><subfield code="z">10815</subfield></datafield></record>