
<record><leader>00707nam a2200205 a 4500</leader><controlfield tag="008">971025s1992    si            000 0 eng d</controlfield><datafield ind1=" " ind2=" " tag="020"><subfield code="a">0945971524</subfield></datafield><datafield ind1=" " ind2=" " tag="040"><subfield code="a">TxDaGIAL</subfield><subfield code="c">TxDaGIAL</subfield></datafield><datafield ind1="1" ind2=" " tag="041"><subfield code="a">engind</subfield></datafield><datafield ind1="0" ind2="4" tag="082"><subfield code="a">499.221</subfield><subfield code="2">21</subfield></datafield><datafield ind1="1" ind2=" " tag="100"><subfield code="a">Barker, John.</subfield></datafield><datafield ind1="1" ind2="0" tag="245"><subfield code="a">Practical Indonesian :</subfield><subfield code="b">a communication guide /</subfield><subfield code="c">by John Barker.</subfield></datafield><datafield ind1=" " ind2=" " tag="260"><subfield code="a">Singapore :</subfield><subfield code="b">Periplus Editions,</subfield><subfield code="c">1992, c1987.</subfield></datafield><datafield ind1=" " ind2=" " tag="300"><subfield code="a">70 p. ;</subfield><subfield code="c">15 cm.</subfield></datafield><datafield ind1=" " ind2="0" tag="650"><subfield code="a">Indonesian language</subfield><subfield code="v">Conversation and phrase books</subfield><subfield code="x">English.</subfield></datafield><datafield ind1=" " ind2=" " tag="035"><subfield code="a">(TxDaGIAL)37741100021360</subfield></datafield><controlfield tag="005">20080624161031.0</controlfield><controlfield tag="001">7133</controlfield><controlfield tag="003">TxDaGIAL</controlfield><datafield ind1=" " ind2=" " tag="852"><subfield code="p">37741100021360</subfield><subfield code="a">Library</subfield><subfield code="9">$3.00</subfield><subfield code="x">COPYID:8421</subfield><subfield code="x">FSC@aRegular@c19971027</subfield><subfield code="h">499.221834 B255p 1987</subfield><subfield code="z">Dir. Cellar 1-93</subfield></datafield></record>