
<record><leader>01273nam a2200289 a 4500</leader><controlfield tag="008">920731s1992    txu      b    000 0 eng  </controlfield><datafield ind1=" " ind2=" " tag="010"><subfield code="a">   92060901</subfield></datafield><datafield ind1=" " ind2=" " tag="020"><subfield code="a">0883121883 (pbk.)</subfield></datafield><datafield ind1=" " ind2=" " tag="040"><subfield code="a">DLC</subfield><subfield code="c">DLC</subfield></datafield><datafield ind1="0" ind2=" " tag="041"><subfield code="a">engnor</subfield></datafield><datafield ind1="0" ind2="0" tag="050"><subfield code="a">PD2621</subfield><subfield code="b">.A53 1992</subfield></datafield><datafield ind1="0" ind2="0" tag="082"><subfield code="a">439.8/25</subfield><subfield code="2">20</subfield></datafield><datafield ind1="1" ind2=" " tag="100"><subfield code="a">Andvik, Eric E.</subfield></datafield><datafield ind1="1" ind2="2" tag="245"><subfield code="a">A pragmatic analysis of Norwegian modal particles /</subfield><subfield code="c">Eric E. Andvik.</subfield></datafield><datafield ind1=" " ind2=" " tag="260"><subfield code="a">[Dallas] :</subfield><subfield code="b">Summer Institute of Linguistics ;</subfield><subfield code="a">[Arlington] :</subfield><subfield code="b">University of Texas at Arlington ;</subfield><subfield code="a">Dallas, TX :</subfield><subfield code="b">International Academic Bookstore [distributor],</subfield><subfield code="c">1992.</subfield></datafield><datafield ind1=" " ind2=" " tag="300"><subfield code="a">ix, 136 p. ;</subfield><subfield code="c">23 cm.</subfield></datafield><datafield ind1=" " ind2="0" tag="440"><subfield code="a">Summer Institute of Linguistics and the University of Texas at Arlington publications in linguistics,</subfield><subfield code="x">1040-0850 ;</subfield><subfield code="v">113</subfield></datafield><datafield ind1=" " ind2=" " tag="500"><subfield code="a">English and Norwegian.</subfield></datafield><datafield ind1=" " ind2=" " tag="504"><subfield code="a">Includes bibliographical references (p. 131-136).</subfield></datafield><datafield ind1=" " ind2="0" tag="650"><subfield code="a">Norwegian language</subfield><subfield code="x">Modality.</subfield></datafield><datafield ind1=" " ind2="0" tag="650"><subfield code="a">Norwegian language</subfield><subfield code="x">Particles.</subfield></datafield><datafield ind1=" " ind2=" " tag="035"><subfield code="a">(TxDaGIAL)37741100006984</subfield></datafield><controlfield tag="005">20080624161033.0</controlfield><controlfield tag="001">7146</controlfield><controlfield tag="003">TxDaGIAL</controlfield><datafield ind1=" " ind2=" " tag="852"><subfield code="p">37741100006984</subfield><subfield code="a">Library</subfield><subfield code="9">$11.00</subfield><subfield code="x">COPYID:8438</subfield><subfield code="x">FSC@aRegular@c19950818</subfield><subfield code="h">439.825 A577p 1992</subfield><subfield code="z">Bookstore 8-92</subfield></datafield><datafield ind1=" " ind2=" " tag="852"><subfield code="p">37741100006985</subfield><subfield code="a">Library</subfield><subfield code="9">$11.00</subfield><subfield code="x">COPYID:8439</subfield><subfield code="x">FSC@aRegular@c19950818</subfield><subfield code="h">439.825 A577p 1992</subfield><subfield code="z">Bookstore 8-92</subfield></datafield></record>