
<record><leader>00876nam a2200205 i 4500</leader><controlfield tag="008">960514s1977    inu     r     000 0 eng d</controlfield><datafield ind1=" " ind2=" " tag="040"><subfield code="a">TxDaGIAL</subfield><subfield code="c">TxDaGIAL</subfield></datafield><datafield ind1="0" ind2="4" tag="082"><subfield code="a">499.15</subfield><subfield code="2">20</subfield></datafield><datafield ind1="1" ind2=" " tag="100"><subfield code="a">Mel&#697;&#269;uk, Igor&#697; A.</subfield><subfield code="q">(Igor&#697; Aleksandrovi&#269;),</subfield><subfield code="d">1932-</subfield></datafield><datafield ind1="1" ind2="4" tag="245"><subfield code="a">The predicative construction in the Dyirbal language :</subfield><subfield code="b">towards the notions 'grammatical subject', 'transitivity', 'accusative case', 'ergative construction', and 'grammatical voice' /</subfield><subfield code="c">Igor A. Mel'cuk.</subfield></datafield><datafield ind1=" " ind2=" " tag="260"><subfield code="a">Bloomington, Ind. :</subfield><subfield code="b">Indiana University Linguistics Club,</subfield><subfield code="c">1977.</subfield></datafield><datafield ind1=" " ind2=" " tag="300"><subfield code="a">56 p. ;</subfield><subfield code="c">28 cm.</subfield></datafield><datafield ind1=" " ind2=" " tag="500"><subfield code="a">Cover title.</subfield></datafield><datafield ind1=" " ind2=" " tag="504"><subfield code="a">Includes bibliographical references (p. 55-56).</subfield></datafield><datafield ind1=" " ind2="0" tag="650"><subfield code="a">Djirbal language.</subfield></datafield><datafield ind1=" " ind2=" " tag="035"><subfield code="a">(TxDaGIAL)37741100011338</subfield></datafield><controlfield tag="005">20080624161045.0</controlfield><controlfield tag="001">7185</controlfield><controlfield tag="003">TxDaGIAL</controlfield><datafield ind1=" " ind2=" " tag="852"><subfield code="p">37741100011338</subfield><subfield code="a">Library</subfield><subfield code="x">COPYID:8485</subfield><subfield code="x">FSC@aRegular@c19960513</subfield><subfield code="h">499.1521 M518p 1977</subfield></datafield></record>