
<record><leader>00856nam a2200229 a 4500</leader><controlfield tag="008">970416s1990    txu           000 0 eng d</controlfield><datafield ind1=" " ind2=" " tag="040"><subfield code="a">TxDaGIAL</subfield><subfield code="c">TxDaGIAL</subfield></datafield><datafield ind1=" " ind2=" " tag="094"><subfield code="a">nxl00</subfield><subfield code="2">ROPAL</subfield></datafield><datafield ind1="1" ind2=" " tag="100"><subfield code="a">Bolton, Rosemary Ann.</subfield></datafield><datafield ind1="1" ind2="2" tag="245"><subfield code="a">A preliminary description of Nuaulu phonology /</subfield><subfield code="c">by Rosemary Ann Bolton.</subfield></datafield><datafield ind1=" " ind2=" " tag="260"><subfield code="c">1990.</subfield></datafield><datafield ind1=" " ind2=" " tag="300"><subfield code="a">xii, 181 leaves ;</subfield><subfield code="c">28 cm.</subfield></datafield><datafield ind1=" " ind2=" " tag="502"><subfield code="a">Thesis (M.A.)--University of Texas at Arlington, 1990.</subfield></datafield><datafield ind1=" " ind2=" " tag="504"><subfield code="a">Bibliography : leaves 177-180.</subfield></datafield><datafield ind1=" " ind2="0" tag="651"><subfield code="a">Maluku (Indonesia)</subfield><subfield code="x">Languages.</subfield></datafield><datafield ind1=" " ind2="0" tag="650"><subfield code="a">Nuaulu language</subfield><subfield code="x">Phonology.</subfield></datafield><datafield ind1="2" ind2="0" tag="610"><subfield code="a">University of Texas at Arlington.</subfield><subfield code="b">Graduate School</subfield><subfield code="x">Dissertations.</subfield></datafield><datafield ind1=" " ind2=" " tag="035"><subfield code="a">(TxDaGIAL)37741100016832</subfield></datafield><controlfield tag="005">20080624161047.0</controlfield><controlfield tag="001">7201</controlfield><controlfield tag="003">TxDaGIAL</controlfield><datafield ind1=" " ind2=" " tag="852"><subfield code="p">37741100016832</subfield><subfield code="a">Library</subfield><subfield code="9">$0.00</subfield><subfield code="x">COPYID:8504</subfield><subfield code="x">FSC@aRegular@c19970416</subfield><subfield code="h">499.224 B694p 1990</subfield><subfield code="z">Author gift 5-90</subfield></datafield></record>