
<record><leader>00905nam a2200229 a 4500</leader><controlfield tag="008">970411s1993    txu           000 0 eng d</controlfield><datafield ind1=" " ind2=" " tag="040"><subfield code="a">TxDaGIAL</subfield><subfield code="c">TxDaGIAL</subfield></datafield><datafield ind1=" " ind2=" " tag="094"><subfield code="a">wos00</subfield><subfield code="2">ROPAL</subfield></datafield><datafield ind1="1" ind2=" " tag="100"><subfield code="a">Wendel, Thomas Dewayne.</subfield></datafield><datafield ind1="1" ind2="2" tag="245"><subfield code="a">A preliminary grammar of Hanga Hundi /</subfield><subfield code="c">by Thomas Dewayne Wendel.</subfield></datafield><datafield ind1=" " ind2=" " tag="260"><subfield code="c">1993.</subfield></datafield><datafield ind1=" " ind2=" " tag="300"><subfield code="a">xvi, 185 leaves ;</subfield><subfield code="c">28 cm.</subfield></datafield><datafield ind1=" " ind2=" " tag="502"><subfield code="a">Thesis (M.A.)--University of Texas at Arlington, 1993.</subfield></datafield><datafield ind1=" " ind2=" " tag="504"><subfield code="a">Includes bibliographical references (leaves 183-185).</subfield></datafield><datafield ind1=" " ind2="0" tag="650"><subfield code="a">Papuan languages</subfield><subfield code="z">Papua New Guinea</subfield><subfield code="z">East Sepik Province.</subfield></datafield><datafield ind1=" " ind2="0" tag="650"><subfield code="a">Hanga Hundi language</subfield><subfield code="x">Grammar.</subfield></datafield><datafield ind1="2" ind2="0" tag="610"><subfield code="a">University of Texas at Arlington.</subfield><subfield code="b">Graduate School</subfield><subfield code="x">Dissertations.</subfield></datafield><datafield ind1=" " ind2=" " tag="035"><subfield code="a">(TxDaGIAL)37741100016737</subfield></datafield><controlfield tag="005">20080624161047.0</controlfield><controlfield tag="001">7202</controlfield><controlfield tag="003">TxDaGIAL</controlfield><datafield ind1=" " ind2=" " tag="852"><subfield code="p">37741100016737</subfield><subfield code="a">Library</subfield><subfield code="9">$0.00</subfield><subfield code="x">COPYID:8505</subfield><subfield code="x">FSC@aRegular@c19970414</subfield><subfield code="h">499.1275 W469p 1993</subfield><subfield code="z">Author gift 12-93</subfield></datafield></record>