
<record><leader>00784nam a2200217 a 4500</leader><controlfield tag="008">971002s1986    txuab         000 0 eng d</controlfield><datafield ind1=" " ind2=" " tag="040"><subfield code="a">TxDaGIAL</subfield><subfield code="c">TxDaGIAL</subfield></datafield><datafield ind1=" " ind2=" " tag="094"><subfield code="a">lsh00</subfield><subfield code="2">ROPAL</subfield></datafield><datafield ind1="1" ind2=" " tag="100"><subfield code="a">Chhangte, Lalnunthangi.</subfield></datafield><datafield ind1="1" ind2="2" tag="245"><subfield code="a">A preliminary grammar of the Mizo language /</subfield><subfield code="c">by Lalnunthangi Chhangte.</subfield></datafield><datafield ind1=" " ind2=" " tag="260"><subfield code="c">1986.</subfield></datafield><datafield ind1=" " ind2=" " tag="300"><subfield code="a">xiii, 271 leaves :</subfield><subfield code="b">ill., maps ;</subfield><subfield code="c">28 cm.</subfield></datafield><datafield ind1=" " ind2=" " tag="502"><subfield code="a">Thesis (M.A.)--University of Texas at Arlington, 1986.</subfield></datafield><datafield ind1=" " ind2=" " tag="504"><subfield code="a">Bibliography: leaves 262-271.</subfield></datafield><datafield ind1=" " ind2="0" tag="650"><subfield code="a">Lushai language</subfield><subfield code="x">Grammar.</subfield></datafield><datafield ind1="2" ind2="0" tag="610"><subfield code="a">University of Texas at Arlington</subfield><subfield code="x">Dissertations.</subfield></datafield><datafield ind1=" " ind2=" " tag="035"><subfield code="a">(TxDaGIAL)37741100020780</subfield></datafield><controlfield tag="005">20080624161048.0</controlfield><controlfield tag="001">7203</controlfield><controlfield tag="003">TxDaGIAL</controlfield><datafield ind1=" " ind2=" " tag="852"><subfield code="p">37741100020780</subfield><subfield code="a">Library</subfield><subfield code="x">COPYID:8506</subfield><subfield code="x">FSC@aRegular@c19971003</subfield><subfield code="h">495.4 C531p 1986</subfield><subfield code="z">12468</subfield></datafield></record>