
<record><leader>00786nam a2200205 a 4500</leader><controlfield tag="008">970328s1986    txu           000 0 eng d</controlfield><datafield ind1=" " ind2=" " tag="040"><subfield code="a">TxDaGIAL</subfield><subfield code="c">TxDaGIAL</subfield></datafield><datafield ind1="1" ind2=" " tag="100"><subfield code="a">Stevenson, Paul Spencer.</subfield></datafield><datafield ind1="1" ind2="2" tag="245"><subfield code="a">A preliminary grammar of the Tectitec (Mayan) language /</subfield><subfield code="c">by Paul Spencer Stevenson.</subfield></datafield><datafield ind1=" " ind2=" " tag="260"><subfield code="c">1986.</subfield></datafield><datafield ind1=" " ind2=" " tag="300"><subfield code="a">xiv, 214 leaves ;</subfield><subfield code="c">29 cm.</subfield></datafield><datafield ind1=" " ind2=" " tag="502"><subfield code="a">Thesis (M.A.)--University of Texas at Arlington, 1986.</subfield></datafield><datafield ind1=" " ind2=" " tag="504"><subfield code="a">Bibliography : leaves 213-214.</subfield></datafield><datafield ind1=" " ind2="0" tag="650"><subfield code="a">Tectiteco language</subfield><subfield code="x">Grammar.</subfield></datafield><datafield ind1="2" ind2="0" tag="610"><subfield code="a">University of Texas at Arlington, 1986.</subfield><subfield code="b">Graduate School</subfield><subfield code="x">Dissertations.</subfield></datafield><datafield ind1=" " ind2=" " tag="035"><subfield code="a">(TxDaGIAL)37741100016318</subfield></datafield><controlfield tag="005">20080624161048.0</controlfield><controlfield tag="001">7204</controlfield><controlfield tag="003">TxDaGIAL</controlfield><datafield ind1=" " ind2=" " tag="852"><subfield code="p">37741100016318</subfield><subfield code="a">Library</subfield><subfield code="x">COPYID:8507</subfield><subfield code="x">FSC@aRegular@c19970324</subfield><subfield code="h">497.41513 S848p 1986</subfield><subfield code="z">11944</subfield></datafield></record>