
<record><leader>00991nam a2200289Ia 4500</leader><controlfield tag="008">860128s1980    xx b     b    00010 eng d</controlfield><datafield ind1=" " ind2=" " tag="035"><subfield code="a">(CU-UC)4393607</subfield></datafield><datafield ind1=" " ind2=" " tag="040"><subfield code="a">YHM</subfield><subfield code="c">YHM</subfield><subfield code="d">CLU</subfield></datafield><datafield ind1=" " ind2=" " tag="043"><subfield code="a">a-pk---</subfield></datafield><datafield ind1="1" ind2="0" tag="100"><subfield code="a">Grainger, Peter J.</subfield></datafield><datafield ind1="1" ind2="2" tag="245"><subfield code="a">A preliminary survey of the languages of Sind, Pakistan /</subfield><subfield code="c">Peter J. Grainger, Nita C. Grainger.</subfield></datafield><datafield ind1="0" ind2=" " tag="260"><subfield code="a">[S.l. :</subfield><subfield code="b">s.n.],</subfield><subfield code="c">1980.</subfield></datafield><datafield ind1=" " ind2=" " tag="300"><subfield code="a">51 p. :</subfield><subfield code="b">maps ;</subfield><subfield code="c">30 cm.</subfield></datafield><datafield ind1=" " ind2=" " tag="500"><subfield code="a">Errata slip laid in.</subfield></datafield><datafield ind1=" " ind2=" " tag="504"><subfield code="a">Bibliography: p. 50-51.</subfield></datafield><datafield ind1=" " ind2=" " tag="546"><subfield code="a">English.</subfield></datafield><datafield ind1=" " ind2="0" tag="650"><subfield code="a">Indo-Aryan languages, Modern.</subfield></datafield><datafield ind1=" " ind2="0" tag="650"><subfield code="a">Sindhi language.</subfield></datafield><datafield ind1=" " ind2="0" tag="650"><subfield code="a">Urdu language.</subfield></datafield><datafield ind1=" " ind2="0" tag="651"><subfield code="a">Sindh (Pakistan)</subfield><subfield code="x">Languages.</subfield></datafield><datafield ind1="1" ind2="0" tag="700"><subfield code="a">Grainger, Nita C.</subfield></datafield><datafield ind1=" " ind2=" " tag="035"><subfield code="a">(TxDaGIAL)37741100018519</subfield></datafield><controlfield tag="005">20080624161048.0</controlfield><controlfield tag="001">7207</controlfield><controlfield tag="003">TxDaGIAL</controlfield><datafield ind1=" " ind2=" " tag="852"><subfield code="p">37741100018519</subfield><subfield code="a">Library</subfield><subfield code="x">COPYID:8511</subfield><subfield code="x">FSC@aRegular@c19970619</subfield><subfield code="h">491.1 G743p 1980</subfield><subfield code="z">8722</subfield></datafield><datafield ind1=" " ind2=" " tag="852"><subfield code="p">37741100018520</subfield><subfield code="a">Library</subfield><subfield code="x">COPYID:8512</subfield><subfield code="x">FSC@aRegular@c19970619</subfield><subfield code="h">491.1 G743p 1980</subfield><subfield code="z">9693</subfield></datafield></record>