
<record><leader>00883nam a2200253 i 4500</leader><controlfield tag="008">730305s1959    cau           00000 eng  </controlfield><datafield ind1=" " ind2=" " tag="010"><subfield code="a">a  59009915</subfield></datafield><datafield ind1=" " ind2=" " tag="035"><subfield code="a">(CU-UC)dlaisn319280</subfield></datafield><datafield ind1=" " ind2=" " tag="040"><subfield code="a">DLC</subfield><subfield code="c">CSU</subfield><subfield code="d">m.c.</subfield><subfield code="d">CLU</subfield></datafield><datafield ind1="1" ind2="0" tag="100"><subfield code="a">Blaisdell, Foster Warren,</subfield><subfield code="d">1927-</subfield></datafield><datafield ind1="1" ind2="0" tag="245"><subfield code="a">Preposition-adverbs in Old Icelandic.</subfield></datafield><datafield ind1="0" ind2=" " tag="260"><subfield code="a">Berkeley :</subfield><subfield code="b">University of California Press,</subfield><subfield code="c">1959.</subfield></datafield><datafield ind1=" " ind2=" " tag="300"><subfield code="a">70 p. ;</subfield><subfield code="c">26 cm.</subfield></datafield><datafield ind1=" " ind2="0" tag="440"><subfield code="a">University of California publications in linguistics ;</subfield><subfield code="v">17</subfield></datafield><datafield ind1=" " ind2=" " tag="500"><subfield code="a">Based on thesis. University of California.</subfield></datafield><datafield ind1=" " ind2=" " tag="504"><subfield code="a">Bibliography: p.67-70.</subfield></datafield><datafield ind1=" " ind2=" " tag="546"><subfield code="a">English.</subfield></datafield><datafield ind1=" " ind2="0" tag="650"><subfield code="a">Old Norse language</subfield><subfield code="x">Prepositions.</subfield></datafield><datafield ind1=" " ind2="0" tag="650"><subfield code="a">Old Norse language</subfield><subfield code="x">Adverbs.</subfield></datafield><datafield ind1=" " ind2=" " tag="035"><subfield code="a">(TxDaGIAL)37741100014082</subfield></datafield><controlfield tag="005">20080624161050.0</controlfield><controlfield tag="001">7216</controlfield><controlfield tag="003">TxDaGIAL</controlfield><datafield ind1=" " ind2=" " tag="852"><subfield code="p">37741100014082</subfield><subfield code="a">Library</subfield><subfield code="x">COPYID:8523</subfield><subfield code="x">FSC@aRegular@c19961203</subfield><subfield code="h">439.6 B634p 1959</subfield><subfield code="z">2022</subfield></datafield></record>