
<record><leader>00970Qam a2200241Ia 4500</leader><controlfield tag="008">820922s1981    azu          s100 0 eng d</controlfield><datafield ind1=" " ind2=" " tag="035"><subfield code="a">(CU-UC)1843008</subfield></datafield><datafield ind1=" " ind2=" " tag="040"><subfield code="a">OSU</subfield><subfield code="c">OSU</subfield><subfield code="d">CU-SC</subfield></datafield><datafield ind1="2" ind2=" " tag="111"><subfield code="a">Arizona Conference of Japanese Linguistics</subfield><subfield code="d">(1981 :</subfield><subfield code="c">Tucson, Ariz.)</subfield></datafield><datafield ind1="1" ind2="0" tag="245"><subfield code="a">Proceedings of the Arizona Conference on Japanese Linguistics :</subfield><subfield code="b">the formal grammar sessions /</subfield><subfield code="c">edited by Ann Kathleen Farmer, Chisato Kitagawa.</subfield></datafield><datafield ind1=" " ind2=" " tag="260"><subfield code="a">Tucson, Arizona :</subfield><subfield code="b">University of Arizona,</subfield><subfield code="c">1981.</subfield></datafield><datafield ind1=" " ind2=" " tag="300"><subfield code="a">iv, 193 p. ;</subfield><subfield code="c">28 cm.</subfield></datafield><datafield ind1="1" ind2=" " tag="490"><subfield code="a">Coyote papers : working papers in linguistics from A-Z ;</subfield><subfield code="v">v. 2.</subfield></datafield><datafield ind1=" " ind2=" " tag="546"><subfield code="a">English.</subfield></datafield><datafield ind1=" " ind2="0" tag="650"><subfield code="a">Japanese language</subfield><subfield code="x">Grammar</subfield><subfield code="v">Congresses.</subfield></datafield><datafield ind1="1" ind2="0" tag="700"><subfield code="a">Farmer, Ann Kathleen.</subfield></datafield><datafield ind1="1" ind2="0" tag="700"><subfield code="a">Kitagawa, Chisato.</subfield></datafield><datafield ind1=" " ind2="0" tag="830"><subfield code="a">Coyote papers ;</subfield><subfield code="v">v. 2.</subfield></datafield><datafield ind1=" " ind2=" " tag="035"><subfield code="a">(TxDaGIAL)37741100019133</subfield></datafield><controlfield tag="005">20080624161103.0</controlfield><controlfield tag="001">7280</controlfield><controlfield tag="003">TxDaGIAL</controlfield><datafield ind1=" " ind2=" " tag="852"><subfield code="p">37741100019133</subfield><subfield code="a">Library</subfield><subfield code="x">COPYID:8598</subfield><subfield code="x">FSC@aRegular@c19970721</subfield><subfield code="h">495.6 A719 1981</subfield><subfield code="z">9971</subfield></datafield></record>