
<record><leader>01299nam a2200289 a 4500</leader><controlfield tag="008">891228s1989    inua     b   s10010 eng  </controlfield><datafield ind1=" " ind2=" " tag="010"><subfield code="a">   89219983</subfield></datafield><datafield ind1=" " ind2=" " tag="040"><subfield code="a">DLC</subfield><subfield code="c">DLC</subfield></datafield><datafield ind1="0" ind2=" " tag="041"><subfield code="a">engchi</subfield></datafield><datafield ind1="0" ind2="0" tag="050"><subfield code="a">PL1021</subfield><subfield code="b">.O37 1988</subfield></datafield><datafield ind1="0" ind2="0" tag="082"><subfield code="a">495.1</subfield><subfield code="2">20</subfield></datafield><datafield ind1="2" ind2="0" tag="111"><subfield code="a">Ohio State University Conference on Chinese Linguistics</subfield><subfield code="d">(3rd :</subfield><subfield code="c">1988)</subfield></datafield><datafield ind1="1" ind2="0" tag="245"><subfield code="a">Proceedings of the Third Ohio State University Conference on Chinese Linguistics, 13-14 May 1988 /</subfield><subfield code="c">edited by Marjorie K.M. Chan and Thomas Ernst.</subfield></datafield><datafield ind1="0" ind2=" " tag="260"><subfield code="a">Bloomington, Ind. (720 E. Atwater Ave., Bloomington 47401-3634) :</subfield><subfield code="b">Indiana University Linguistics Club Publications,</subfield><subfield code="c">c1989.</subfield></datafield><datafield ind1=" " ind2=" " tag="300"><subfield code="a">xii, 287 p. :</subfield><subfield code="b">ill. ;</subfield><subfield code="c">28 cm.</subfield></datafield><datafield ind1=" " ind2=" " tag="500"><subfield code="a">Title on half t.p.: Ti 3 chieh O-chou ta hs&#252;eh Han y&#252; y&#252; yen hs&#252;eh t&#703;ao lun hui hui pien.</subfield></datafield><datafield ind1=" " ind2=" " tag="500"><subfield code="a">"May 1989."</subfield></datafield><datafield ind1=" " ind2=" " tag="504"><subfield code="a">Includes bibliographical references.</subfield></datafield><datafield ind1=" " ind2="0" tag="650"><subfield code="a">Chinese language</subfield><subfield code="v">Congresses.</subfield></datafield><datafield ind1="1" ind2="0" tag="700"><subfield code="a">Chan, Marjorie K. M.</subfield><subfield code="q">(Marjorie Kit-man)</subfield></datafield><datafield ind1="1" ind2="0" tag="700"><subfield code="a">Ernst, Thomas Boyden.</subfield></datafield><datafield ind1="0" ind2="1" tag="740"><subfield code="a">Ti 3 chieh O-chou ta hs&#252;eh Han y&#252; y&#252; yen hs&#252;eh t&#703;ao lun hui hui pien.</subfield></datafield><datafield ind1=" " ind2=" " tag="035"><subfield code="a">(TxDaGIAL)37741100012539</subfield></datafield><controlfield tag="005">20080624161105.0</controlfield><controlfield tag="001">7299</controlfield><controlfield tag="003">TxDaGIAL</controlfield><datafield ind1=" " ind2=" " tag="852"><subfield code="p">37741100012539</subfield><subfield code="a">Library</subfield><subfield code="9">$19.30</subfield><subfield code="x">COPYID:8620</subfield><subfield code="x">FSC@aRegular@c19960717</subfield><subfield code="h">495.1 O37 1988</subfield><subfield code="z">Direct 11-89</subfield></datafield></record>