
<record><leader>00932nam a2200241 a 4500</leader><controlfield tag="008">970626s1986    txu           000 0 eng d</controlfield><datafield ind1=" " ind2=" " tag="040"><subfield code="a">TxDaGIAL</subfield><subfield code="c">TxDaGIAL</subfield></datafield><datafield ind1="1" ind2=" " tag="100"><subfield code="a">Keller, Barbara L.</subfield></datafield><datafield ind1="1" ind2="2" tag="245"><subfield code="a">A qualitative approach to the study of language and identity in Ladakh /</subfield><subfield code="c">by Barbara L. Keller.</subfield></datafield><datafield ind1=" " ind2=" " tag="260"><subfield code="c">1986.</subfield></datafield><datafield ind1=" " ind2=" " tag="300"><subfield code="a">xii, 244 leaves :</subfield><subfield code="b">ill., maps ;</subfield><subfield code="c">29 cm.</subfield></datafield><datafield ind1=" " ind2=" " tag="502"><subfield code="a">Thesis (M.A.)--University of Texas at Arlington, 1986.</subfield></datafield><datafield ind1=" " ind2=" " tag="504"><subfield code="a">Includes bibliographical references (leaves 230-244).</subfield></datafield><datafield ind1=" " ind2="0" tag="650"><subfield code="a">Sociolinguistics</subfield><subfield code="z">India.</subfield></datafield><datafield ind1=" " ind2="0" tag="650"><subfield code="a">Ladakhi language</subfield><subfield code="x">Social aspects.</subfield></datafield><datafield ind1=" " ind2="0" tag="651"><subfield code="a">India</subfield><subfield code="x">Languages.</subfield></datafield><datafield ind1=" " ind2="0" tag="650"><subfield code="a">Sociolinguistics</subfield><subfield code="x">Methodology.</subfield></datafield><datafield ind1="2" ind2="0" tag="610"><subfield code="a">University of Texas at Arlington</subfield><subfield code="x">Dissertations.</subfield></datafield><datafield ind1=" " ind2=" " tag="035"><subfield code="a">(TxDaGIAL)37741100018699</subfield></datafield><controlfield tag="005">20080624161136.0</controlfield><controlfield tag="001">7430</controlfield><controlfield tag="003">TxDaGIAL</controlfield><datafield ind1=" " ind2=" " tag="852"><subfield code="p">37741100018699</subfield><subfield code="a">Library</subfield><subfield code="x">COPYID:8797</subfield><subfield code="x">FSC@aRegular@c19970515</subfield><subfield code="h">306.4408954 K29q 1986</subfield><subfield code="z">11945</subfield></datafield></record>