
<record><leader>00683nam a2200205Ii 4500</leader><controlfield tag="008">750613r1933    nyu           00010 eng d</controlfield><datafield ind1=" " ind2=" " tag="040"><subfield code="a">TxDaGIAL</subfield><subfield code="c">TxDaGIAL</subfield></datafield><datafield ind1="0" ind2=" " tag="041"><subfield code="a">engnai</subfield></datafield><datafield ind1="1" ind2="0" tag="100"><subfield code="a">Andrade, Manuel Jos&#233;,</subfield><subfield code="d">1885-1941.</subfield></datafield><datafield ind1="1" ind2="0" tag="245"><subfield code="a">Quileute /</subfield><subfield code="c">by Manuel J. Andrade.</subfield></datafield><datafield ind1="0" ind2=" " tag="260"><subfield code="a">New York :</subfield><subfield code="b">Columbia University Press,</subfield><subfield code="c">1933.</subfield></datafield><datafield ind1=" " ind2=" " tag="300"><subfield code="a">[151]-292 p. ;</subfield><subfield code="c">25 cm.</subfield></datafield><datafield ind1=" " ind2=" " tag="500"><subfield code="a">Extract from Handbook of American Indian languages, vol. 3.</subfield></datafield><datafield ind1=" " ind2=" " tag="546"><subfield code="a">English.</subfield></datafield><datafield ind1=" " ind2="0" tag="650"><subfield code="a">Quileute language.</subfield></datafield><datafield ind1=" " ind2=" " tag="035"><subfield code="a">(TxDaGIAL)37741100016189</subfield></datafield><controlfield tag="005">20080624161142.0</controlfield><controlfield tag="001">7452</controlfield><controlfield tag="003">TxDaGIAL</controlfield><datafield ind1=" " ind2=" " tag="852"><subfield code="p">37741100016189</subfield><subfield code="a">Library</subfield><subfield code="x">COPYID:8819</subfield><subfield code="x">FSC@aRegular@c19970325</subfield><subfield code="h">497.3 A553q 1933</subfield><subfield code="z">361</subfield></datafield></record>