
<record><leader>00794nam a2200241Ia 4500</leader><controlfield tag="008">860805s1962    rur      b    00000 rus d</controlfield><datafield ind1=" " ind2=" " tag="010"><subfield code="a">   62048705</subfield></datafield><datafield ind1=" " ind2=" " tag="035"><subfield code="a">(CU-UC)4137615</subfield></datafield><datafield ind1=" " ind2=" " tag="040"><subfield code="a">NSA</subfield><subfield code="c">NSA</subfield></datafield><datafield ind1="0" ind2=" " tag="041"><subfield code="a">rustam</subfield></datafield><datafield ind1="1" ind2="0" tag="100"><subfield code="a">Andronov, Mikhail Sergeevich.</subfield></datafield><datafield ind1="1" ind2="0" tag="245"><subfield code="a">Razgovorny&#301; tamil&#697;ski&#301; &#65056;i&#65057;azyk i ego dialekty.</subfield></datafield><datafield ind1="0" ind2=" " tag="260"><subfield code="a">Moskva :</subfield><subfield code="b">Izd-vo vostochno&#301; lit-ry,</subfield><subfield code="c">1962.</subfield></datafield><datafield ind1=" " ind2=" " tag="300"><subfield code="a">78, [5] p. ;</subfield><subfield code="c">23 cm.</subfield></datafield><datafield ind1=" " ind2=" " tag="500"><subfield code="a">At head of title: Akademi&#65056;i&#65057;a nauk SSSR. Institut narodov Azii.</subfield></datafield><datafield ind1=" " ind2=" " tag="504"><subfield code="a">Bibliography: p. [80].</subfield></datafield><datafield ind1=" " ind2=" " tag="546"><subfield code="a">Russian.</subfield></datafield><datafield ind1=" " ind2="0" tag="650"><subfield code="a">Tamil language</subfield><subfield code="x">Dialects.</subfield></datafield><datafield ind1=" " ind2=" " tag="035"><subfield code="a">(TxDaGIAL)37741100018976</subfield></datafield><controlfield tag="005">20080624161147.0</controlfield><controlfield tag="001">7473</controlfield><controlfield tag="003">TxDaGIAL</controlfield><datafield ind1=" " ind2=" " tag="852"><subfield code="p">37741100018976</subfield><subfield code="a">Library</subfield><subfield code="x">COPYID:8847</subfield><subfield code="x">FSC@aRegular@c19970714</subfield><subfield code="h">494.811 A575r 1962</subfield></datafield></record>