
<record><leader>00760nam a22002051  4500</leader><controlfield tag="008">941027s1974    ru            000 0 rus d</controlfield><datafield ind1=" " ind2=" " tag="040"><subfield code="a">CLU</subfield><subfield code="c">TxDaGIAL</subfield><subfield code="d">TxDaGIAL</subfield></datafield><datafield ind1="1" ind2=" " tag="041"><subfield code="a">ruskaz</subfield></datafield><datafield ind1="1" ind2=" " tag="100"><subfield code="a">Demesinova, N. Kh.</subfield></datafield><datafield ind1="1" ind2="0" tag="245"><subfield code="a">Razvitie sintaksisa sovremennogo kazakhskogo iazyka /</subfield><subfield code="c">N. Kh. Demesinova.</subfield></datafield><datafield ind1=" " ind2=" " tag="260"><subfield code="a">Alma-Ata :</subfield><subfield code="b">Naka Kazakhskoi SSR,</subfield><subfield code="c">1974.</subfield></datafield><datafield ind1=" " ind2=" " tag="300"><subfield code="a">171 p. ;</subfield><subfield code="c">21 cm.</subfield></datafield><datafield ind1=" " ind2=" " tag="500"><subfield code="a">At head of title: Akademiia nauk SSSR. Institut iazykoznaniia.</subfield></datafield><datafield ind1=" " ind2=" " tag="504"><subfield code="a">Includes bibliographical references.</subfield></datafield><datafield ind1=" " ind2="0" tag="650"><subfield code="a">Kazakh language</subfield><subfield code="x">Syntax.</subfield></datafield><datafield ind1=" " ind2=" " tag="035"><subfield code="a">(TxDaGIAL)37741100000451</subfield></datafield><controlfield tag="005">20080624161147.0</controlfield><controlfield tag="001">7474</controlfield><controlfield tag="003">TxDaGIAL</controlfield><datafield ind1=" " ind2=" " tag="852"><subfield code="p">37741100000451</subfield><subfield code="a">Library</subfield><subfield code="b">Francis I. Andersen</subfield><subfield code="9">$0.00</subfield><subfield code="x">COPYID:8848</subfield><subfield code="x">FSC@aRegular@c19941027</subfield><subfield code="h">494.3 D376r 1974</subfield></datafield></record>