
<record><leader>00997cam a2200265 a 4500</leader><controlfield tag="008">820506s1978    ilu      b    00010 eng d</controlfield><datafield ind1=" " ind2=" " tag="035"><subfield code="a">(CU-UC)dlaisn615245</subfield></datafield><datafield ind1=" " ind2=" " tag="040"><subfield code="a">CU-UC</subfield></datafield><datafield ind1="0" ind2="0" tag="245"><subfield code="a">Readings in Arabic linguistics /</subfield><subfield code="c">[edited by] Salman H. Al-Ani.</subfield></datafield><datafield ind1="0" ind2=" " tag="260"><subfield code="a">Bloomington (310 Lindley Hall, Bloomington, Indiana 47401) :</subfield><subfield code="b">Indiana University Linguistics Club,</subfield><subfield code="c">1978.</subfield></datafield><datafield ind1=" " ind2=" " tag="300"><subfield code="a">594 p. ;</subfield><subfield code="c">28 cm.</subfield></datafield><datafield ind1=" " ind2=" " tag="500"><subfield code="a">Added cover title: Qir&#257;'&#257;t f&#299; 'ilm al-lughah al-Arab&#299;yah.</subfield></datafield><datafield ind1=" " ind2=" " tag="500"><subfield code="a">Includes reprints of articles on Arabic linguistics.</subfield></datafield><datafield ind1=" " ind2=" " tag="500"><subfield code="a">Bibliography: p. 577-594.</subfield></datafield><datafield ind1=" " ind2=" " tag="546"><subfield code="a">English.</subfield></datafield><datafield ind1=" " ind2="0" tag="650"><subfield code="a">Arabic language.</subfield></datafield><datafield ind1=" " ind2="0" tag="650"><subfield code="a">Arabic language</subfield><subfield code="x">Phonology.</subfield></datafield><datafield ind1=" " ind2="0" tag="650"><subfield code="a">Arabic language</subfield><subfield code="x">Grammar.</subfield></datafield><datafield ind1="1" ind2="0" tag="700"><subfield code="a">Ani, Salman H.</subfield></datafield><datafield ind1="0" ind2="1" tag="740"><subfield code="a">Qir&#257;'&#257;t f&#299; 'ilm al-lughah al-Arab&#299;yah.</subfield></datafield><datafield ind1=" " ind2=" " tag="035"><subfield code="a">(TxDaGIAL)37741100014683</subfield></datafield><controlfield tag="005">20080624161205.0</controlfield><controlfield tag="001">7546</controlfield><controlfield tag="003">TxDaGIAL</controlfield><datafield ind1=" " ind2=" " tag="852"><subfield code="p">37741100014683</subfield><subfield code="a">Library</subfield><subfield code="x">COPYID:8929</subfield><subfield code="x">FSC@aRegular@c19970127</subfield><subfield code="h">492.7 R287 1978</subfield></datafield></record>