
<record><leader>00642nam a2200193Ia 4500</leader><controlfield tag="008">931007s1985    ch a          001 0 eng d</controlfield><datafield ind1=" " ind2=" " tag="040"><subfield code="a">TxDaGIAL</subfield><subfield code="c">TxDaGIAL</subfield></datafield><datafield ind1="0" ind2=" " tag="041"><subfield code="a">engchi</subfield></datafield><datafield ind1="0" ind2="0" tag="245"><subfield code="a">Readings in Chinese transformational syntax /</subfield><subfield code="c">edited by Shou-hsin Teng.</subfield></datafield><datafield ind1=" " ind2=" " tag="260"><subfield code="a">Taipei :</subfield><subfield code="b">Crane Publishing,</subfield><subfield code="c">1985.</subfield></datafield><datafield ind1=" " ind2=" " tag="300"><subfield code="a">520 p. :</subfield><subfield code="b">ill. ;</subfield><subfield code="c">27 cm.</subfield></datafield><datafield ind1=" " ind2=" " tag="500"><subfield code="a">Includes bibliographies.</subfield></datafield><datafield ind1=" " ind2="0" tag="650"><subfield code="a">Chinese language</subfield><subfield code="x">Syntax.</subfield></datafield><datafield ind1="1" ind2="0" tag="700"><subfield code="a">Deng, Shouxin.</subfield></datafield><datafield ind1=" " ind2=" " tag="035"><subfield code="a">(TxDaGIAL)37741100020242</subfield></datafield><controlfield tag="005">20080624161205.0</controlfield><controlfield tag="001">7547</controlfield><controlfield tag="003">TxDaGIAL</controlfield><datafield ind1=" " ind2=" " tag="852"><subfield code="p">37741100020242</subfield><subfield code="a">Library</subfield><subfield code="x">COPYID:8930</subfield><subfield code="x">FSC@aRegular@c19971017</subfield><subfield code="h">495.1 R287t 1985</subfield><subfield code="z">13613</subfield></datafield></record>