
<record><leader>00958nam a2200265Ii 4500</leader><controlfield tag="008">770923s1966    ctub     b    00010 eng d</controlfield><datafield ind1=" " ind2=" " tag="035"><subfield code="a">(CU-UC)2614437</subfield></datafield><datafield ind1=" " ind2=" " tag="040"><subfield code="a">LUU</subfield><subfield code="c">LUU</subfield><subfield code="d">m/c</subfield><subfield code="d">CLU</subfield></datafield><datafield ind1="1" ind2="0" tag="100"><subfield code="a">Watson, Richard L.</subfield></datafield><datafield ind1="1" ind2="0" tag="245"><subfield code="a">Reduplication in Pacoh /</subfield><subfield code="c">Richard L. Watson.</subfield></datafield><datafield ind1="0" ind2=" " tag="260"><subfield code="a">Hartford, Conn. :</subfield><subfield code="b">Watson,</subfield><subfield code="c">1966.</subfield></datafield><datafield ind1=" " ind2=" " tag="300"><subfield code="a">xi, 138 leaves :</subfield><subfield code="b">maps ;</subfield><subfield code="c">28 cm.</subfield></datafield><datafield ind1=" " ind2="0" tag="440"><subfield code="a">Hartford studies in linguistics ;</subfield><subfield code="v">21</subfield></datafield><datafield ind1=" " ind2=" " tag="500"><subfield code="a">Photocopy (positive) of typescript.</subfield></datafield><datafield ind1=" " ind2=" " tag="502"><subfield code="a">Thesis (M.A.)--Hartford Seminary Foundation.</subfield></datafield><datafield ind1=" " ind2=" " tag="504"><subfield code="a">Bibliography: leaves 133-138.</subfield></datafield><datafield ind1=" " ind2=" " tag="546"><subfield code="a">English.</subfield></datafield><datafield ind1=" " ind2="0" tag="650"><subfield code="a">Pacoh language.</subfield></datafield><datafield ind1=" " ind2="0" tag="650"><subfield code="a">Mon-Khmer languages.</subfield></datafield><datafield ind1=" " ind2=" " tag="035"><subfield code="a">(TxDaGIAL)37741100015434</subfield></datafield><controlfield tag="005">20080624161211.0</controlfield><controlfield tag="001">7579</controlfield><controlfield tag="003">TxDaGIAL</controlfield><datafield ind1=" " ind2=" " tag="852"><subfield code="p">37741100015434</subfield><subfield code="a">Library</subfield><subfield code="x">COPYID:8968</subfield><subfield code="x">FSC@aRegular@c19970226</subfield><subfield code="h">495.93 W341r 1966</subfield><subfield code="z">2666</subfield></datafield><datafield ind1=" " ind2=" " tag="852"><subfield code="p">37741100015435</subfield><subfield code="a">Library</subfield><subfield code="x">COPYID:8969</subfield><subfield code="x">FSC@aRegular@c19970226</subfield><subfield code="h">495.93 W341r 1966</subfield><subfield code="z">779</subfield></datafield></record>