
<record><leader>00894cam a2200265 i 4500</leader><controlfield tag="008">800502s1979    onc          f00010 eng  </controlfield><datafield ind1=" " ind2=" " tag="010"><subfield code="a">   80471026 //r85</subfield></datafield><datafield ind1=" " ind2=" " tag="015"><subfield code="a">C***</subfield></datafield><datafield ind1="0" ind2=" " tag="041"><subfield code="a">engnai</subfield></datafield><datafield ind1="0" ind2=" " tag="050"><subfield code="a">PM831</subfield><subfield code="b">.D86</subfield></datafield><datafield ind1=" " ind2=" " tag="082"><subfield code="a">497/.4</subfield></datafield><datafield ind1="1" ind2="0" tag="100"><subfield code="a">Dunn, John Asher.</subfield></datafield><datafield ind1="1" ind2="2" tag="245"><subfield code="a">A reference grammar for the coast Tsimshian language /</subfield><subfield code="c">John Asher Dunn.</subfield></datafield><datafield ind1="0" ind2=" " tag="260"><subfield code="a">Ottawa :</subfield><subfield code="b">National Museums of Canada,</subfield><subfield code="c">1979.</subfield></datafield><datafield ind1=" " ind2=" " tag="300"><subfield code="a">xiii, 91 p. ;</subfield><subfield code="c">28 cm.</subfield></datafield><datafield ind1="1" ind2=" " tag="490"><subfield code="a">Paper - Canadian Ethnology Service ; no. 55,</subfield><subfield code="x">0316-1862</subfield></datafield><datafield ind1="1" ind2=" " tag="490"><subfield code="a">Mercury series,</subfield><subfield code="x">0316-1854</subfield></datafield><datafield ind1=" " ind2="0" tag="650"><subfield code="a">Tsimshian language</subfield><subfield code="x">Grammar.</subfield></datafield><datafield ind1=" " ind2="0" tag="830"><subfield code="a">Paper (Canadian Ethnology Service) ;</subfield><subfield code="v">no. 55.</subfield></datafield><datafield ind1=" " ind2="0" tag="830"><subfield code="a">Mercury series.</subfield></datafield><datafield ind1=" " ind2=" " tag="035"><subfield code="a">(TxDaGIAL)37741100009177</subfield></datafield><controlfield tag="005">20080624161212.0</controlfield><controlfield tag="001">7583</controlfield><controlfield tag="003">TxDaGIAL</controlfield><datafield ind1=" " ind2=" " tag="852"><subfield code="p">37741100009177</subfield><subfield code="a">Library</subfield><subfield code="x">COPYID:8973</subfield><subfield code="x">FSC@aRegular@c19951101</subfield><subfield code="h">497.4 D923r 1979</subfield><subfield code="z">10852</subfield></datafield></record>