
<record><leader>00811nam a2200217 i 4500</leader><controlfield tag="008">880907s1963    ctub          00010 eng d</controlfield><datafield ind1=" " ind2=" " tag="035"><subfield code="a">(CU-UC)4651192</subfield></datafield><datafield ind1=" " ind2=" " tag="040"><subfield code="a">RETROCON/NYGG (COO)</subfield><subfield code="c">COO</subfield><subfield code="d">CUY</subfield><subfield code="d">TxDaGIAL</subfield></datafield><datafield ind1="1" ind2="0" tag="100"><subfield code="a">Gill, Harjeet Singh,</subfield><subfield code="d">1935-</subfield></datafield><datafield ind1="1" ind2="2" tag="245"><subfield code="a">A reference grammar of Panjabi /</subfield><subfield code="c">[by] Harjee Singh Gill and Henry A. Gleason, Jr.</subfield></datafield><datafield ind1="0" ind2=" " tag="260"><subfield code="a">Hartford :</subfield><subfield code="b">Hartford Seminary Foundation,</subfield><subfield code="c">1963.</subfield></datafield><datafield ind1=" " ind2=" " tag="300"><subfield code="a">vii, 317 p. :</subfield><subfield code="b">map. ;</subfield><subfield code="c">28 cm.</subfield></datafield><datafield ind1="1" ind2=" " tag="490"><subfield code="a">Hartford studie in linguistics ;</subfield><subfield code="v">no. 3</subfield></datafield><datafield ind1=" " ind2=" " tag="546"><subfield code="a">English.</subfield></datafield><datafield ind1=" " ind2="0" tag="650"><subfield code="a">Panjabi language</subfield><subfield code="x">Grammar.</subfield></datafield><datafield ind1=" " ind2="0" tag="830"><subfield code="a">Hartford studie in linguistics ;</subfield><subfield code="v">no. 3.</subfield></datafield><datafield ind1=" " ind2=" " tag="035"><subfield code="a">(TxDaGIAL)37741100018528</subfield></datafield><controlfield tag="005">20080624161212.0</controlfield><controlfield tag="001">7584</controlfield><controlfield tag="003">TxDaGIAL</controlfield><datafield ind1=" " ind2=" " tag="852"><subfield code="p">37741100018528</subfield><subfield code="a">Library</subfield><subfield code="x">COPYID:8974</subfield><subfield code="x">FSC@aRegular@c19970619</subfield><subfield code="h">491.42 G475r 1963</subfield><subfield code="z">2537</subfield></datafield></record>