
<record><leader>01344nam a2200301 a 4500</leader><controlfield tag="008">910226s1991    txu      b   s000 0 eng  </controlfield><datafield ind1=" " ind2=" " tag="010"><subfield code="a">   91065341</subfield></datafield><datafield ind1=" " ind2=" " tag="020"><subfield code="a">0883128020</subfield></datafield><datafield ind1=" " ind2=" " tag="040"><subfield code="a">DLC</subfield><subfield code="c">DLC</subfield></datafield><datafield ind1="0" ind2=" " tag="041"><subfield code="a">engcai</subfield></datafield><datafield ind1="0" ind2="0" tag="050"><subfield code="a">PM4356</subfield><subfield code="b">.W55 1991</subfield></datafield><datafield ind1="0" ind2="0" tag="082"><subfield code="a">497/.45</subfield><subfield code="2">20</subfield></datafield><datafield ind1="1" ind2=" " tag="100"><subfield code="a">Willett, Thomas L.</subfield></datafield><datafield ind1="1" ind2="2" tag="245"><subfield code="a">A reference grammar of Southeastern Tepehuan /</subfield><subfield code="c">Thomas L. Willett.</subfield></datafield><datafield ind1=" " ind2=" " tag="260"><subfield code="a">Dallas :</subfield><subfield code="b">Summer Institute of Linguistics ;</subfield><subfield code="a">[Arlington] :</subfield><subfield code="b">University of Texas at Arlington,</subfield><subfield code="c">1991.</subfield></datafield><datafield ind1=" " ind2=" " tag="300"><subfield code="a">xii, 282 p. :</subfield><subfield code="b">map ;</subfield><subfield code="c">23 cm.</subfield></datafield><datafield ind1=" " ind2="0" tag="440"><subfield code="a">Summer Institute of Linguistics and the University of Texas at Arlington publications in linguistics,</subfield><subfield code="x">1040-0850 ;</subfield><subfield code="v">100</subfield></datafield><datafield ind1=" " ind2=" " tag="500"><subfield code="a">Spine title: Southeastern Tepehuan.</subfield></datafield><datafield ind1=" " ind2=" " tag="504"><subfield code="a">Includes bibliographical references (p. 277-282).</subfield></datafield><datafield ind1=" " ind2="0" tag="650"><subfield code="a">Tepehuan language</subfield><subfield code="x">Grammar.</subfield></datafield><datafield ind1="0" ind2="1" tag="740"><subfield code="a">Southeastern Tepehuan.</subfield></datafield><datafield ind1=" " ind2=" " tag="035"><subfield code="a">(TxDaGIAL)37741100007101</subfield></datafield><controlfield tag="005">20080624161212.0</controlfield><controlfield tag="001">7585</controlfield><controlfield tag="003">TxDaGIAL</controlfield><datafield ind1=" " ind2=" " tag="852"><subfield code="p">37741100007101</subfield><subfield code="a">Library</subfield><subfield code="9">$16.80</subfield><subfield code="x">COPYID:8975</subfield><subfield code="x">FSC@aRegular@c19950822</subfield><subfield code="h">497.45 W713r 1991</subfield><subfield code="z">Standing order 9-91</subfield></datafield><datafield ind1=" " ind2=" " tag="852"><subfield code="p">37741100007102</subfield><subfield code="a">Library</subfield><subfield code="9">$16.80</subfield><subfield code="x">COPYID:8976</subfield><subfield code="x">FSC@aRegular@c19950822</subfield><subfield code="h">497.45 W713r 1991</subfield><subfield code="z">Standing order 9-91</subfield></datafield><datafield ind1=" " ind2=" " tag="852"><subfield code="p">37741100007103</subfield><subfield code="a">Library</subfield><subfield code="9">$16.80</subfield><subfield code="x">COPYID:8977</subfield><subfield code="x">FSC@aRegular@c19950822</subfield><subfield code="h">497.45 W713r 1991</subfield><subfield code="z">Standing order 9-91</subfield></datafield></record>