
<record><leader>01054nam a2200277 a 4500</leader><controlfield tag="008">820913c19801979cou      b   s00010 eng  </controlfield><datafield ind1=" " ind2=" " tag="010"><subfield code="a">   82621777</subfield></datafield><datafield ind1=" " ind2=" " tag="040"><subfield code="a">DLC</subfield><subfield code="c">DLC</subfield></datafield><datafield ind1="0" ind2=" " tag="041"><subfield code="a">engchy</subfield></datafield><datafield ind1="0" ind2=" " tag="050"><subfield code="a">P25</subfield><subfield code="b">.O32 no. 5</subfield><subfield code="a">PM795</subfield></datafield><datafield ind1="0" ind2=" " tag="082"><subfield code="a">497/.3</subfield><subfield code="2">19</subfield></datafield><datafield ind1="1" ind2="0" tag="100"><subfield code="a">Leman, Wayne.</subfield></datafield><datafield ind1="1" ind2="2" tag="245"><subfield code="a">A reference grammar of the Cheyenne language /</subfield><subfield code="c">by Wayne Leman.</subfield></datafield><datafield ind1=" " ind2=" " tag="250"><subfield code="a">[2nd ed.].</subfield></datafield><datafield ind1="0" ind2=" " tag="260"><subfield code="a">Greeley, Colo. :</subfield><subfield code="b">Museum of Anthropology, University of Northern Colorado,</subfield><subfield code="c">1980, [c1979]</subfield></datafield><datafield ind1=" " ind2=" " tag="300"><subfield code="a">2 v. (vii, 227 leaves) ;</subfield><subfield code="c">28 cm.</subfield></datafield><datafield ind1=" " ind2="0" tag="440"><subfield code="a">Occasional publications in anthropology.</subfield><subfield code="p">Linguistics series ;</subfield><subfield code="v">no. 5</subfield></datafield><datafield ind1=" " ind2=" " tag="500"><subfield code="a">Rev. ed. of: Cheyenne grammar notes. 1979.</subfield></datafield><datafield ind1=" " ind2=" " tag="504"><subfield code="a">Bibliography: p. 227.</subfield></datafield><datafield ind1=" " ind2="0" tag="650"><subfield code="a">Cheyenne language</subfield><subfield code="x">Grammar.</subfield></datafield><datafield ind1=" " ind2=" " tag="035"><subfield code="a">(TxDaGIAL)37741100012607</subfield></datafield><controlfield tag="005">20080624161212.0</controlfield><controlfield tag="001">7586</controlfield><controlfield tag="003">TxDaGIAL</controlfield><datafield ind1=" " ind2=" " tag="852"><subfield code="p">37741100012607</subfield><subfield code="a">Library</subfield><subfield code="x">COPYID:8978</subfield><subfield code="x">FSC@aRegular@c19960718</subfield><subfield code="h">497.364 L547c 1980 vol.1</subfield></datafield><datafield ind1=" " ind2=" " tag="852"><subfield code="p">37741100012608</subfield><subfield code="a">Library</subfield><subfield code="x">COPYID:8979</subfield><subfield code="x">FSC@aRegular@c19960718</subfield><subfield code="h">497.364 L547c 1980 vol.2</subfield></datafield></record>