
<record><leader>01794nam a2200349 i 4500</leader><controlfield tag="008">890919m19631965gw            00010 gere </controlfield><datafield ind1=" " ind2=" " tag="010"><subfield code="a">   76255134</subfield></datafield><datafield ind1=" " ind2=" " tag="035"><subfield code="a">(CU-UC)5819310</subfield></datafield><datafield ind1=" " ind2=" " tag="040"><subfield code="a">DLC</subfield><subfield code="c">KLG</subfield><subfield code="d">m.c.</subfield><subfield code="d">SER</subfield><subfield code="d">m/c</subfield><subfield code="d">RQE</subfield></datafield><datafield ind1="0" ind2=" " tag="050"><subfield code="a">F1229</subfield><subfield code="b">.C53</subfield></datafield><datafield ind1="1" ind2="0" tag="100"><subfield code="a">Chimalpahin Cuauhtlehuanitzin, Domingo Francisco de San Ant&#243;n Mu&#241;&#243;n,</subfield><subfield code="d">1579-1660.</subfield></datafield><datafield ind1="1" ind2="4" tag="245"><subfield code="a">Die Relationen Chimalpahin's zur Geschichte M&#233;xico's /</subfield><subfield code="c">Text hrsg. von G&#252;nter Zimmermann.</subfield></datafield><datafield ind1="0" ind2=" " tag="260"><subfield code="a">Hamburg :</subfield><subfield code="b">Cram, De Gruyter,</subfield><subfield code="c">1963-1965.</subfield></datafield><datafield ind1=" " ind2=" " tag="300"><subfield code="a">2 v. ;</subfield><subfield code="c">28 cm.</subfield></datafield><datafield ind1="1" ind2=" " tag="490"><subfield code="a">Abhandlungen aus dem Gebiet der Auslandskunde,</subfield><subfield code="a">Reihe B: V&#246;lkerkunde, Kulturgeschichte und Sprachen ;</subfield><subfield code="v">Bd. 68-. ;</subfield><subfield code="v">Bd. 38-</subfield></datafield><datafield ind1=" " ind2=" " tag="500"><subfield code="a">&quot;Die Gesamtedition der Werke des Don Domingo de San Ant&#243;n Mu&#241;&#243;n Chimalpahin Quauhtlehuanitzin zur Geschichte M&#233;xico's in aztekischer Sprache und ihre &#252;bersetzung.&quot;</subfield></datafield><datafield ind1=" " ind2=" " tag="500"><subfield code="a">Prefatory matter in German.</subfield></datafield><datafield ind1=" " ind2=" " tag="500"><subfield code="a">Text in the Aztec language; introductory material and notes in German.</subfield></datafield><datafield ind1="1" ind2=" " tag="505"><subfield code="a">T. 1. Die Zeit bis zur Conquista 1521.--T. 2. Das Jahrhundert nauch der Conquista (1522-1615)</subfield></datafield><datafield ind1=" " ind2=" " tag="546"><subfield code="a">German.</subfield></datafield><datafield ind1=" " ind2="0" tag="650"><subfield code="a">Nahuatl language</subfield><subfield code="v">Texts.</subfield></datafield><datafield ind1=" " ind2="0" tag="651"><subfield code="a">Mexico</subfield><subfield code="x">History</subfield><subfield code="y">To 1810.</subfield></datafield><datafield ind1="1" ind2="0" tag="700"><subfield code="a">Zimmermann, G&#252;nter,</subfield><subfield code="d">1914-</subfield></datafield><datafield ind1=" " ind2=" " tag="752"><subfield code="a">Germany</subfield><subfield code="d">Hamburg</subfield><subfield code="9">(1963)</subfield></datafield><datafield ind1=" " ind2="0" tag="830"><subfield code="a">Abhandlungen aus dem Gebiet der Auslandskunde.</subfield><subfield code="n">Reihe B,</subfield><subfield code="p">V&#246;lkerkunde, Kulturgeschichte und Sprachen ;</subfield><subfield code="v">Bd. 38-</subfield></datafield><datafield ind1=" " ind2="0" tag="830"><subfield code="a">Abhandlungen aus dem Gebiet der Auslandskunde ;</subfield><subfield code="v">Bd. 68-</subfield></datafield><datafield ind1=" " ind2=" " tag="035"><subfield code="a">(TxDaGIAL)37741100019125</subfield></datafield><controlfield tag="005">20080624161217.0</controlfield><controlfield tag="001">7604</controlfield><controlfield tag="003">TxDaGIAL</controlfield><datafield ind1=" " ind2=" " tag="852"><subfield code="p">37741100019125</subfield><subfield code="a">Library</subfield><subfield code="x">COPYID:8997</subfield><subfield code="x">FSC@aRegular@c19970721</subfield><subfield code="h">497.452 C538r vol.1 1963</subfield><subfield code="z">2446</subfield></datafield><datafield ind1=" " ind2=" " tag="852"><subfield code="p">37741100019126</subfield><subfield code="a">Library</subfield><subfield code="x">COPYID:8998</subfield><subfield code="x">FSC@aRegular@c19970721</subfield><subfield code="h">497.452 C538r vol.2 1965</subfield><subfield code="z">2535</subfield></datafield></record>