
<record><leader>00844cam a2200229La 4500</leader><controlfield tag="008">870317s1982    inua     b    00110 eng d</controlfield><datafield ind1=" " ind2=" " tag="035"><subfield code="a">(CU-UC)381985</subfield></datafield><datafield ind1=" " ind2=" " tag="040"><subfield code="a">RBN</subfield><subfield code="c">RBN</subfield><subfield code="d">m/c</subfield><subfield code="d">CU-S</subfield></datafield><datafield ind1="1" ind2="0" tag="100"><subfield code="a">Lefebvre, Claire.</subfield></datafield><datafield ind1="1" ind2="0" tag="245"><subfield code="a">Relative clauses in Cuzco Quechua :</subfield><subfield code="b">interactions between core and periphery /</subfield><subfield code="c">by Claire Lefebvre and Pieter Muysken.</subfield></datafield><datafield ind1="0" ind2=" " tag="260"><subfield code="a">Bloomington, Ind. :</subfield><subfield code="b">Indiana University Linguistics Club,</subfield><subfield code="c">1982.</subfield></datafield><datafield ind1=" " ind2=" " tag="300"><subfield code="a">iv, 71 p. :</subfield><subfield code="b">ill. ;</subfield><subfield code="c">28 cm.</subfield></datafield><datafield ind1=" " ind2=" " tag="504"><subfield code="a">Bibliography: p. 69-71.</subfield></datafield><datafield ind1=" " ind2=" " tag="546"><subfield code="a">English.</subfield></datafield><datafield ind1=" " ind2="0" tag="650"><subfield code="a">Quechua language</subfield><subfield code="x">Clauses.</subfield></datafield><datafield ind1="1" ind2="0" tag="700"><subfield code="a">Muysken, Pieter.</subfield></datafield><datafield ind1="2" ind2="0" tag="710"><subfield code="a">Indiana University Linguistics Club.</subfield></datafield><datafield ind1=" " ind2=" " tag="035"><subfield code="a">(TxDaGIAL)37741100016669</subfield></datafield><controlfield tag="005">20080624161218.0</controlfield><controlfield tag="001">7608</controlfield><controlfield tag="003">TxDaGIAL</controlfield><datafield ind1=" " ind2=" " tag="852"><subfield code="p">37741100016669</subfield><subfield code="a">Library</subfield><subfield code="x">COPYID:9002</subfield><subfield code="x">FSC@aRegular@c19970410</subfield><subfield code="h">498.323 L489r 1982</subfield><subfield code="z">8067</subfield></datafield></record>