
<record><leader>00944nam a2200289Ii 4500</leader><controlfield tag="008">800927r19811976xx a     b    00010 eng d</controlfield><datafield ind1=" " ind2=" " tag="035"><subfield code="a">(CU-UC)4965526</subfield></datafield><datafield ind1=" " ind2=" " tag="040"><subfield code="a">UIU</subfield><subfield code="c">IUL</subfield><subfield code="d">IUL</subfield><subfield code="d">CLU</subfield></datafield><datafield ind1=" " ind2=" " tag="094"><subfield code="a">lap00</subfield><subfield code="2">ROPAL</subfield></datafield><datafield ind1="1" ind2="0" tag="100"><subfield code="a">Walusimbi, Livingstone,</subfield><subfield code="d">1935-</subfield></datafield><datafield ind1="1" ind2="0" tag="245"><subfield code="a">Relativization and focusing in Luganda and Bantu /</subfield><subfield code="c">by Livingstone Walusimbi.</subfield></datafield><datafield ind1="1" ind2=" " tag="260"><subfield code="c">1976.</subfield></datafield><datafield ind1=" " ind2=" " tag="300"><subfield code="a">ix, 97 leaves :</subfield><subfield code="b">ill.</subfield></datafield><datafield ind1=" " ind2=" " tag="500"><subfield code="a">Vita.</subfield></datafield><datafield ind1=" " ind2=" " tag="502"><subfield code="a">Thesis (Ph.D.)--UCLA, 1976.</subfield></datafield><datafield ind1=" " ind2=" " tag="504"><subfield code="a">Bibliography: leaves 95-97.</subfield></datafield><datafield ind1=" " ind2=" " tag="546"><subfield code="a">English.</subfield></datafield><datafield ind1=" " ind2=" " tag="533"><subfield code="a">Facsim.</subfield><subfield code="b">Ann Arbor, Mich. :</subfield><subfield code="c">University Microfilms,</subfield><subfield code="d">1981.</subfield></datafield><datafield ind1=" " ind2="0" tag="650"><subfield code="a">Bantu languages.</subfield></datafield><datafield ind1=" " ind2="0" tag="650"><subfield code="a">Ganda language.</subfield></datafield><datafield ind1=" " ind2="0" tag="650"><subfield code="a">Ganda language</subfield><subfield code="x">Grammar.</subfield></datafield><datafield ind1=" " ind2="0" tag="650"><subfield code="a">Bantu languages</subfield><subfield code="x">Grammar.</subfield></datafield><datafield ind1=" " ind2=" " tag="035"><subfield code="a">(TxDaGIAL)37741100015815</subfield></datafield><controlfield tag="005">20080624161219.0</controlfield><controlfield tag="001">7610</controlfield><controlfield tag="003">TxDaGIAL</controlfield><datafield ind1=" " ind2=" " tag="852"><subfield code="p">37741100015815</subfield><subfield code="a">Library</subfield><subfield code="x">COPYID:9004</subfield><subfield code="x">FSC@aRegular@c19970312</subfield><subfield code="h">496.394 W241r 1976</subfield><subfield code="z">8095</subfield></datafield></record>