
<record><leader>00605ntm a2200181 a 4500</leader><controlfield tag="008">971003s1980    xxu           000 0 eng d</controlfield><datafield ind1=" " ind2=" " tag="040"><subfield code="a">TxDaGIAL</subfield><subfield code="c">TxDaGIAL</subfield></datafield><datafield ind1="1" ind2=" " tag="100"><subfield code="a">Chaikijkarana, Apiram.</subfield></datafield><datafield ind1="1" ind2="0" tag="245"><subfield code="a">Report on aspects of the Thai language</subfield><subfield code="h">[manuscript] /</subfield><subfield code="c">by Apiram Chaikijkarana.</subfield></datafield><datafield ind1=" " ind2=" " tag="260"><subfield code="c">1980.</subfield></datafield><datafield ind1=" " ind2=" " tag="300"><subfield code="a">45 leaves :</subfield><subfield code="b">ill., charts ;</subfield><subfield code="c">28 cm.</subfield></datafield><datafield ind1=" " ind2=" " tag="504"><subfield code="a">Bibliography: leaf 39.</subfield></datafield><datafield ind1=" " ind2="0" tag="650"><subfield code="a">Thai language.</subfield></datafield><datafield ind1=" " ind2=" " tag="035"><subfield code="a">(TxDaGIAL)37741100020811</subfield></datafield><controlfield tag="005">20080624161227.0</controlfield><controlfield tag="001">7660</controlfield><controlfield tag="003">TxDaGIAL</controlfield><datafield ind1=" " ind2=" " tag="852"><subfield code="p">37741100020811</subfield><subfield code="a">Library</subfield><subfield code="x">COPYID:9059</subfield><subfield code="x">FSC@aRegular@c19971010</subfield><subfield code="h">495.91 C434r 1980</subfield><subfield code="z">12737</subfield></datafield></record>