
<record><leader>00798nam a22002055a 4500</leader><controlfield tag="008">930324s1989    xx            000 0 eng  </controlfield><datafield ind1=" " ind2=" " tag="010"><subfield code="a">   93130634</subfield></datafield><datafield ind1=" " ind2=" " tag="020"><subfield code="a">0858833875</subfield></datafield><datafield ind1=" " ind2=" " tag="040"><subfield code="a">DLC</subfield><subfield code="c">DLC</subfield><subfield code="d">TxDaGIAL</subfield></datafield><datafield ind1="1" ind2=" " tag="100"><subfield code="a">Ozaki, Akito.</subfield></datafield><datafield ind1="1" ind2="0" tag="245"><subfield code="a">Requests for clarification in conversation between Japanese and non-Japanese /</subfield><subfield code="c">Akito Ozaki.</subfield></datafield><datafield ind1=" " ind2=" " tag="260"><subfield code="a">Canberra, A.C.T., Australia :</subfield><subfield code="b">Dept. of Linguistics, Reserch School of Pacific Studies, Australian National University,</subfield><subfield code="c">1989.</subfield></datafield><datafield ind1=" " ind2=" " tag="300"><subfield code="a">v, 209 p. ;</subfield><subfield code="c">25 cm.</subfield></datafield><datafield ind1=" " ind2="0" tag="440"><subfield code="a">Pacific linguistics.</subfield><subfield code="n">Series B,</subfield><subfield code="x">0078-754X ;</subfield><subfield code="v">102</subfield></datafield><datafield ind1=" " ind2="0" tag="650"><subfield code="a">Japanese language.</subfield></datafield><datafield ind1=" " ind2=" " tag="035"><subfield code="a">(TxDaGIAL)37741100009349</subfield></datafield><controlfield tag="005">20080624161230.0</controlfield><controlfield tag="001">7668</controlfield><controlfield tag="003">TxDaGIAL</controlfield><datafield ind1=" " ind2=" " tag="852"><subfield code="p">37741100009349</subfield><subfield code="a">Library</subfield><subfield code="x">COPYID:9067</subfield><subfield code="x">FSC@aRegular@c19951108</subfield><subfield code="h">495.68 O99r 1989</subfield><subfield code="z">11-90</subfield></datafield></record>