
<record><leader>01043pam a2200265 a 4500</leader><controlfield tag="008">941215s1994    nyua     b    000 0 eng  </controlfield><datafield ind1=" " ind2=" " tag="010"><subfield code="a">   93017011</subfield></datafield><datafield ind1=" " ind2=" " tag="020"><subfield code="a">0820422142 :</subfield><subfield code="c">$38.95</subfield></datafield><datafield ind1=" " ind2=" " tag="040"><subfield code="a">DLC</subfield><subfield code="c">DLC</subfield><subfield code="d">DLC</subfield></datafield><datafield ind1=" " ind2=" " tag="043"><subfield code="a">a-cc---</subfield></datafield><datafield ind1="0" ind2="0" tag="050"><subfield code="a">PL1271</subfield><subfield code="b">.Y3428 1994</subfield></datafield><datafield ind1="0" ind2="0" tag="082"><subfield code="a">495.1/0141</subfield><subfield code="2">20</subfield></datafield><datafield ind1="1" ind2=" " tag="100"><subfield code="a">Yang, Xiao-ming,</subfield><subfield code="d">1951-</subfield></datafield><datafield ind1="1" ind2="4" tag="245"><subfield code="a">The rhetoric of propaganda :</subfield><subfield code="b">a tagmemic analysis of selected documents of the Cultural Revolution of China /</subfield><subfield code="c">Xiao-ming Yang.</subfield></datafield><datafield ind1=" " ind2=" " tag="260"><subfield code="a">New York :</subfield><subfield code="b">Peter Lang,</subfield><subfield code="c">1994.</subfield></datafield><datafield ind1=" " ind2=" " tag="300"><subfield code="a">x, 138 p. :</subfield><subfield code="b">ill. ;</subfield><subfield code="c">24 cm.</subfield></datafield><datafield ind1=" " ind2="0" tag="440"><subfield code="a">American university studies.</subfield><subfield code="n">Series XIII,</subfield><subfield code="p">Linguistics ;</subfield><subfield code="v">vol. 28</subfield></datafield><datafield ind1=" " ind2=" " tag="504"><subfield code="a">Includes bibliographical references (p. [111]-114).</subfield></datafield><datafield ind1=" " ind2="0" tag="650"><subfield code="a">Chinese language</subfield><subfield code="x">Discourse analysis.</subfield></datafield><datafield ind1=" " ind2="0" tag="651"><subfield code="a">China</subfield><subfield code="x">History</subfield><subfield code="y">Cultural Revolution, 1966-1976.</subfield></datafield><datafield ind1=" " ind2=" " tag="035"><subfield code="a">(TxDaGIAL)37741100010360</subfield></datafield><controlfield tag="005">20080624161240.0</controlfield><controlfield tag="001">7715</controlfield><controlfield tag="003">TxDaGIAL</controlfield><datafield ind1=" " ind2=" " tag="852"><subfield code="p">37741100010360</subfield><subfield code="a">Library</subfield><subfield code="9">$33.89</subfield><subfield code="x">FUND:Ling</subfield><subfield code="x">COPYID:9122</subfield><subfield code="x">FSC@aRegular@c19960326</subfield><subfield code="h">495.10141 Y22r 1994</subfield><subfield code="z">B/T 2-96</subfield></datafield></record>