
<record><leader>01120cam a2200301 i 4500</leader><controlfield tag="008">721110s1965    okua     b    000 0 eng  </controlfield><datafield ind1=" " ind2=" " tag="010"><subfield code="a">65011227</subfield></datafield><datafield ind1=" " ind2=" " tag="040"><subfield code="a">DLC</subfield><subfield code="c">WSU</subfield><subfield code="d">CHS</subfield><subfield code="d">SER</subfield><subfield code="d">AMH</subfield><subfield code="d">TxDaGIAL</subfield></datafield><datafield ind1="1" ind2=" " tag="041"><subfield code="a">eng</subfield><subfield code="h">myn</subfield></datafield><datafield ind1="0" ind2=" " tag="050"><subfield code="a">F1435</subfield><subfield code="b">.R54</subfield></datafield><datafield ind1="0" ind2="0" tag="245"><subfield code="a">Ritual of the Bacabs /</subfield><subfield code="c">translated and edited by Ralph L. Roys.</subfield></datafield><datafield ind1=" " ind2=" " tag="250"><subfield code="a">[1st ed.].</subfield></datafield><datafield ind1=" " ind2=" " tag="260"><subfield code="a">Norman :</subfield><subfield code="b">University of Oklahoma Press,</subfield><subfield code="c">c1965.</subfield></datafield><datafield ind1=" " ind2=" " tag="300"><subfield code="a">xxix, 193 p. :</subfield><subfield code="b">illus., facsims., port. ;</subfield><subfield code="c">24 cm.</subfield></datafield><datafield ind1=" " ind2="4" tag="440"><subfield code="a">The Civilization of the American Indian series.</subfield></datafield><datafield ind1=" " ind2=" " tag="500"><subfield code="a">"Transcription of the Maya text": p. 71-113.</subfield></datafield><datafield ind1=" " ind2=" " tag="504"><subfield code="a">Bibliography: p. 177-184.</subfield></datafield><datafield ind1=" " ind2="0" tag="650"><subfield code="a">Maya language</subfield><subfield code="v">Texts.</subfield></datafield><datafield ind1=" " ind2="0" tag="650"><subfield code="a">Maya incantations.</subfield></datafield><datafield ind1=" " ind2="0" tag="650"><subfield code="a">Mayas</subfield><subfield code="x">Rites and ceremonies.</subfield></datafield><datafield ind1=" " ind2="2" tag="650"><subfield code="a">Indians, Central American</subfield><subfield code="x">history</subfield><subfield code="z">Yucatan.</subfield></datafield><datafield ind1=" " ind2="2" tag="650"><subfield code="a">Religion and Medicine</subfield><subfield code="z">Central America.</subfield></datafield><datafield ind1="1" ind2="1" tag="700"><subfield code="a">Roys, Ralph Loveland,</subfield><subfield code="d">1879-1965,</subfield><subfield code="e">ed. and tr.</subfield></datafield><datafield ind1=" " ind2=" " tag="035"><subfield code="a">(TxDaGIAL)37741100013731</subfield></datafield><controlfield tag="005">20080624161245.0</controlfield><controlfield tag="001">7733</controlfield><controlfield tag="003">TxDaGIAL</controlfield><datafield ind1=" " ind2=" " tag="852"><subfield code="p">37741100013731</subfield><subfield code="a">Library</subfield><subfield code="x">COPYID:9142</subfield><subfield code="x">FSC@aRegular@c19961108</subfield><subfield code="h">497.415 R891r 1965</subfield><subfield code="z">6028</subfield></datafield></record>