
<record><leader>00996cam a2200289 i 4500</leader><controlfield tag="008">741218s1974    pau      b    00110 eng  </controlfield><datafield ind1=" " ind2=" " tag="010"><subfield code="a">   74084603 //r892</subfield></datafield><datafield ind1=" " ind2=" " tag="020"><subfield code="a">0871696460 :</subfield><subfield code="c">$6.00</subfield></datafield><datafield ind1=" " ind2=" " tag="040"><subfield code="d">OCoLC</subfield><subfield code="d">TxDaGIAL</subfield></datafield><datafield ind1="0" ind2=" " tag="041"><subfield code="a">engdra</subfield></datafield><datafield ind1="0" ind2=" " tag="050"><subfield code="a">PL4785</subfield><subfield code="b">.E4</subfield></datafield><datafield ind1=" " ind2=" " tag="082"><subfield code="a">301.2/1</subfield></datafield><datafield ind1="1" ind2="0" tag="100"><subfield code="a">Emeneau, M. B.</subfield><subfield code="q">(Murray Barnson),</subfield><subfield code="d">1904-</subfield></datafield><datafield ind1="1" ind2="0" tag="245"><subfield code="a">Ritual structure and language structure of the Todas /</subfield><subfield code="c">M. B. Emeneau.</subfield></datafield><datafield ind1="0" ind2=" " tag="260"><subfield code="a">Philadelphia :</subfield><subfield code="b">American Philosophical Society,</subfield><subfield code="c">1974.</subfield></datafield><datafield ind1=" " ind2=" " tag="300"><subfield code="a">103 p. ;</subfield><subfield code="c">30 cm.</subfield></datafield><datafield ind1=" " ind2="0" tag="440"><subfield code="a">Transactions of the American Philosophical Society ;</subfield><subfield code="v">new ser., v. 64, pt. 6,</subfield><subfield code="x">0065-9746</subfield></datafield><datafield ind1=" " ind2=" " tag="504"><subfield code="a">Bibliography: p. 95.</subfield></datafield><datafield ind1=" " ind2=" " tag="500"><subfield code="a">Includes indexes.</subfield></datafield><datafield ind1=" " ind2="0" tag="650"><subfield code="a">Names, Toda.</subfield></datafield><datafield ind1=" " ind2="0" tag="650"><subfield code="a">Toda (Indic people)</subfield></datafield><datafield ind1=" " ind2="0" tag="650"><subfield code="a">Toda language (India)</subfield></datafield><datafield ind1=" " ind2=" " tag="035"><subfield code="a">(TxDaGIAL)37741100007626</subfield></datafield><controlfield tag="005">20080624161246.0</controlfield><controlfield tag="001">7736</controlfield><controlfield tag="003">TxDaGIAL</controlfield><datafield ind1=" " ind2=" " tag="852"><subfield code="p">37741100007626</subfield><subfield code="a">Library</subfield><subfield code="x">COPYID:9145</subfield><subfield code="x">FSC@aRegular@c19950906</subfield><subfield code="h">306.44089 E53r 1974</subfield><subfield code="z">3916</subfield></datafield></record>