
<record><leader>01240nam a2200277 a 4500</leader><controlfield tag="008">950818s1995    hiua     b   s000 0 eng d</controlfield><datafield ind1=" " ind2=" " tag="020"><subfield code="a">0824817346 (pbk.)</subfield></datafield><datafield ind1=" " ind2=" " tag="035"><subfield code="a">(CU-UC)dlaisn10200047</subfield></datafield><datafield ind1=" " ind2=" " tag="040"><subfield code="a">NIC</subfield><subfield code="c">NIC</subfield><subfield code="d">CU-SB</subfield></datafield><datafield ind1=" " ind2="4" tag="050"><subfield code="a">PL519</subfield><subfield code="b">.M43 1995</subfield></datafield><datafield ind1="1" ind2=" " tag="100"><subfield code="a">Matsunaga, Sachiko.</subfield></datafield><datafield ind1="1" ind2="4" tag="245"><subfield code="a">The role of phonological coding in reading kanji :</subfield><subfield code="b">a research report and some pedagogical implications /</subfield><subfield code="c">Sachiko Matsunaga.</subfield></datafield><datafield ind1=" " ind2=" " tag="260"><subfield code="a">[Honolulu] :</subfield><subfield code="b">Second Language Teaching &amp; Curriculum Center, University of Hawai&#703;i at M&#257;noa,</subfield><subfield code="c">c1995.</subfield></datafield><datafield ind1=" " ind2=" " tag="300"><subfield code="a">vii, 56 p. :</subfield><subfield code="b">ill. ;</subfield><subfield code="c">23 cm.</subfield></datafield><datafield ind1="1" ind2=" " tag="490"><subfield code="a">Technical report ;</subfield><subfield code="v">#6</subfield></datafield><datafield ind1=" " ind2=" " tag="504"><subfield code="a">Includes bibliographical references (p. 43-45).</subfield></datafield><datafield ind1=" " ind2=" " tag="546"><subfield code="a">English.</subfield></datafield><datafield ind1=" " ind2="0" tag="650"><subfield code="a">Japanese language</subfield><subfield code="x">Study and teaching</subfield><subfield code="x">Foreign speakers.</subfield></datafield><datafield ind1=" " ind2="0" tag="650"><subfield code="a">Japanese language</subfield><subfield code="x">Writing</subfield><subfield code="x">Study and teaching.</subfield></datafield><datafield ind1=" " ind2="0" tag="650"><subfield code="a">Japanese language</subfield><subfield code="x">Phonology</subfield><subfield code="x">Study and teaching.</subfield></datafield><datafield ind1=" " ind2="0" tag="830"><subfield code="a">Technical report (University of Hawaii at Manoa. Second Language Teaching &amp; Curriculum Center) ;</subfield><subfield code="v">no. 6.</subfield></datafield><datafield ind1=" " ind2=" " tag="035"><subfield code="a">(TxDaGIAL)37741100014369</subfield></datafield><controlfield tag="005">20080624161251.0</controlfield><controlfield tag="001">7760</controlfield><controlfield tag="003">TxDaGIAL</controlfield><datafield ind1=" " ind2=" " tag="852"><subfield code="p">37741100014369</subfield><subfield code="a">Library</subfield><subfield code="9">$8.70</subfield><subfield code="x">FUND:Ling</subfield><subfield code="x">COPYID:9173</subfield><subfield code="x">FSC@aRegular@c19970114</subfield><subfield code="h">495.6 M434r 1995</subfield><subfield code="z">B/T 1-97</subfield></datafield></record>