
<record><leader>01101cam a2200265   4500</leader><controlfield tag="008">740421s1973    utu      b   s00010 eng  </controlfield><datafield ind1=" " ind2=" " tag="010"><subfield code="a">   72088553 //r942</subfield></datafield><datafield ind1=" " ind2=" " tag="020"><subfield code="a">0874800234</subfield></datafield><datafield ind1=" " ind2=" " tag="040"><subfield code="a">DLC</subfield><subfield code="c">DLC</subfield><subfield code="d">DLC</subfield></datafield><datafield ind1="1" ind2=" " tag="041"><subfield code="a">engspa</subfield></datafield><datafield ind1="0" ind2="0" tag="050"><subfield code="a">PM4063</subfield><subfield code="b">.A6</subfield></datafield><datafield ind1="0" ind2="0" tag="082"><subfield code="a">497/.4</subfield></datafield><datafield ind1="1" ind2="0" tag="100"><subfield code="a">Anderson, Arthur J. O.</subfield></datafield><datafield ind1="1" ind2="0" tag="245"><subfield code="a">Rules of the Aztec language :</subfield><subfield code="b">classical Nahuatl grammar. /</subfield><subfield code="c">A translation by Arthur J. O. Anderson, with modifications, of Francis Xavier Clavigero's Reglas de la lengua mexicana.</subfield></datafield><datafield ind1="0" ind2=" " tag="260"><subfield code="a">Salt Lake City :</subfield><subfield code="b">University of Utah Press,</subfield><subfield code="c">[c1973]</subfield></datafield><datafield ind1=" " ind2=" " tag="300"><subfield code="a">viii, 114 p. ;</subfield><subfield code="c">23 cm.</subfield></datafield><datafield ind1=" " ind2=" " tag="504"><subfield code="a">Bibliography: p. 11.</subfield></datafield><datafield ind1=" " ind2="0" tag="650"><subfield code="a">Nahuatl language</subfield><subfield code="x">Grammar.</subfield></datafield><datafield ind1="1" ind2="1" tag="700"><subfield code="a">Clavigero, Francesco Saverio,</subfield><subfield code="d">1731-1787.</subfield><subfield code="t">Reglas de la lengua mexicana.</subfield></datafield><datafield ind1=" " ind2=" " tag="035"><subfield code="a">(TxDaGIAL)37741100012611</subfield></datafield><controlfield tag="005">20080624161256.0</controlfield><controlfield tag="001">7790</controlfield><controlfield tag="003">TxDaGIAL</controlfield><datafield ind1=" " ind2=" " tag="852"><subfield code="p">37741100012611</subfield><subfield code="a">Library</subfield><subfield code="x">COPYID:9204</subfield><subfield code="x">FSC@aRegular@c19960718</subfield><subfield code="h">497.45 A547r 1973</subfield><subfield code="z">6395</subfield></datafield><datafield ind1=" " ind2=" " tag="852"><subfield code="p">37741100022455</subfield><subfield code="a">Library</subfield><subfield code="9">$0.00</subfield><subfield code="x">COPYID:9205</subfield><subfield code="x">FSC@aRegular@c19980921</subfield><subfield code="h">497.45 A547r 1973</subfield><subfield code="z">Gift Elaine C. Bennett 01-98</subfield></datafield></record>