
<record><leader>01002cam a2200277 a 4500</leader><controlfield tag="008">840112s1984    wb a     b    00010 eng  </controlfield><datafield ind1=" " ind2=" " tag="010"><subfield code="a">   84001994 //r90</subfield></datafield><datafield ind1=" " ind2=" " tag="020"><subfield code="a">9027930295 :</subfield><subfield code="c">DM70.00 (est.) ($32.00 U.S. : est.)</subfield></datafield><datafield ind1=" " ind2=" " tag="040"><subfield code="a">DLC</subfield><subfield code="c">DLC</subfield><subfield code="d">DLC</subfield><subfield code="d">OCoLC</subfield></datafield><datafield ind1="0" ind2="0" tag="050"><subfield code="a">PG2106</subfield><subfield code="b">.J34 1984</subfield></datafield><datafield ind1="0" ind2="0" tag="082"><subfield code="a">491.75</subfield><subfield code="2">19</subfield></datafield><datafield ind1="1" ind2="0" tag="100"><subfield code="a">Jakobson, Roman,</subfield><subfield code="d">1896-</subfield></datafield><datafield ind1="1" ind2="0" tag="240"><subfield code="a">Selections.</subfield><subfield code="f">1984.</subfield></datafield><datafield ind1="1" ind2="0" tag="245"><subfield code="a">Russian and Slavic grammar :</subfield><subfield code="b">studies, 1931-1981 /</subfield><subfield code="c">Roman Jakobson ; edited by Linda R. Waugh and Morris Halle.</subfield></datafield><datafield ind1="0" ind2=" " tag="260"><subfield code="a">Berlin ;</subfield><subfield code="a">New York :</subfield><subfield code="b">Mouton Publishers,</subfield><subfield code="c">c1984.</subfield></datafield><datafield ind1=" " ind2=" " tag="300"><subfield code="a">xvi, 160 p. :</subfield><subfield code="b">ill. ;</subfield><subfield code="c">24 cm.</subfield></datafield><datafield ind1=" " ind2="0" tag="440"><subfield code="a">Janua linguarum.</subfield><subfield code="p">Series maior ;</subfield><subfield code="v">106</subfield></datafield><datafield ind1=" " ind2=" " tag="504"><subfield code="a">Includes bibliographies.</subfield></datafield><datafield ind1=" " ind2="0" tag="650"><subfield code="a">Russian language</subfield><subfield code="x">Grammar.</subfield></datafield><datafield ind1="1" ind2="0" tag="700"><subfield code="a">Waugh, Linda R.</subfield></datafield><datafield ind1="1" ind2="0" tag="700"><subfield code="a">Halle, Morris.</subfield></datafield><datafield ind1=" " ind2=" " tag="035"><subfield code="a">(TxDaGIAL)37741100007049</subfield></datafield><controlfield tag="005">20080624161259.0</controlfield><controlfield tag="001">7802</controlfield><controlfield tag="003">TxDaGIAL</controlfield><datafield ind1=" " ind2=" " tag="852"><subfield code="p">37741100007049</subfield><subfield code="a">Library</subfield><subfield code="x">COPYID:9217</subfield><subfield code="x">FSC@aRegular@c19950822</subfield><subfield code="h">491.75 J25r 1984</subfield><subfield code="z">11852</subfield></datafield></record>