
<record><leader>00828nam a2200253   4500</leader><controlfield tag="008">710128s1969    miu           00000 eng  </controlfield><datafield ind1=" " ind2=" " tag="010"><subfield code="a">   71631773</subfield></datafield><datafield ind1=" " ind2=" " tag="040"><subfield code="a">DLC</subfield><subfield code="c">DLC</subfield><subfield code="d">TxDaGIAL</subfield></datafield><datafield ind1="0" ind2=" " tag="050"><subfield code="a">PG2211</subfield><subfield code="b">.V5</subfield></datafield><datafield ind1=" " ind2=" " tag="082"><subfield code="a">491.75</subfield></datafield><datafield ind1="1" ind2="0" tag="100"><subfield code="a">Vitek, Alexander.</subfield></datafield><datafield ind1="1" ind2="0" tag="245"><subfield code="a">Russian substantives :</subfield><subfield code="b">distribution of gender.</subfield></datafield><datafield ind1="0" ind2=" " tag="260"><subfield code="a">[Detroit :</subfield><subfield code="b">Wayne State University],</subfield><subfield code="c">1969.</subfield></datafield><datafield ind1=" " ind2=" " tag="300"><subfield code="a">xxxiv, 173 p. ;</subfield><subfield code="c">29 cm.</subfield></datafield><datafield ind1=" " ind2="0" tag="440"><subfield code="a">EARL linguistic data base series</subfield></datafield><datafield ind1=" " ind2=" " tag="500"><subfield code="a">At head of title: Russian lexicon study.</subfield></datafield><datafield ind1=" " ind2="0" tag="650"><subfield code="a">Russian language</subfield><subfield code="x">Gender.</subfield></datafield><datafield ind1=" " ind2="0" tag="650"><subfield code="a">Russian language</subfield><subfield code="x">Noun.</subfield></datafield><datafield ind1="0" ind2="1" tag="740"><subfield code="a">Russian lexicon study.</subfield></datafield><datafield ind1=" " ind2=" " tag="035"><subfield code="a">(TxDaGIAL)37741100007047</subfield></datafield><controlfield tag="005">20080626155332.0</controlfield><controlfield tag="001">7805</controlfield><controlfield tag="003">TxDaGIAL</controlfield><datafield ind1=" " ind2=" " tag="852"><subfield code="p">37741100007047</subfield><subfield code="a">Library</subfield><subfield code="x">COPYID:9220</subfield><subfield code="x">FSC@aRegular@c19950822</subfield><subfield code="h">491.75 V838r 1969</subfield><subfield code="z">3106</subfield></datafield></record>