
<record><leader>01005nam a2200253Ii 4500</leader><controlfield tag="008">760225s1946    xx            000 0 eng u</controlfield><datafield ind1=" " ind2=" " tag="010"><subfield code="a">   47022921</subfield></datafield><datafield ind1=" " ind2=" " tag="035"><subfield code="a">(CU-UC)dlaisn884191</subfield></datafield><datafield ind1=" " ind2=" " tag="040"><subfield code="c">ITD</subfield><subfield code="d">CLU</subfield></datafield><datafield ind1="0" ind2=" " tag="050"><subfield code="a">PJ2</subfield><subfield code="b">.A64 no.19</subfield></datafield><datafield ind1=" " ind2=" " tag="082"><subfield code="a">491.215</subfield></datafield><datafield ind1="1" ind2=" " tag="100"><subfield code="a">Edgerton, Franklin,</subfield><subfield code="d">1885-1963.</subfield></datafield><datafield ind1="1" ind2="0" tag="245"><subfield code="a">Sanskrit historical phonology :</subfield><subfield code="b">a simplified outline for the use of beginners in Sanskrit /</subfield><subfield code="c">by Franklin Edgerton.</subfield></datafield><datafield ind1=" " ind2=" " tag="260"><subfield code="a">New Haven, Conn. :</subfield><subfield code="b">American Oriental society,</subfield><subfield code="c">1946.</subfield></datafield><datafield ind1=" " ind2=" " tag="300"><subfield code="a">cover-title, 31 p. ;</subfield><subfield code="c">23 cm.</subfield></datafield><datafield ind1=" " ind2="0" tag="440"><subfield code="a">Publications of the American Oriental Society.</subfield><subfield code="p">Offprint series ;</subfield><subfield code="v">no. 19</subfield></datafield><datafield ind1=" " ind2=" " tag="500"><subfield code="a">"Appeared as a supplement to the Journal of the American Oriental society, vol. 66, no. 1 (1946)"</subfield></datafield><datafield ind1=" " ind2=" " tag="546"><subfield code="a">English.</subfield></datafield><datafield ind1=" " ind2="0" tag="650"><subfield code="a">Sanskrit language</subfield><subfield code="x">Phonology.</subfield></datafield><datafield ind1=" " ind2=" " tag="035"><subfield code="a">(TxDaGIAL)37741100014372</subfield></datafield><controlfield tag="005">20080624161307.0</controlfield><controlfield tag="001">7834</controlfield><controlfield tag="003">TxDaGIAL</controlfield><datafield ind1=" " ind2=" " tag="852"><subfield code="p">37741100014372</subfield><subfield code="a">Library</subfield><subfield code="x">COPYID:9253</subfield><subfield code="x">FSC@aRegular@c19970114</subfield><subfield code="h">491.215 E23s 1946</subfield><subfield code="z">13812</subfield></datafield></record>