
<record><leader>00897nam a2200241 a 4500</leader><controlfield tag="008">970422s1982    sr a          000 0 eng d</controlfield><datafield ind1=" " ind2=" " tag="040"><subfield code="a">TxDaGIAL</subfield><subfield code="c">TxDaGIAL</subfield></datafield><datafield ind1="1" ind2=" " tag="041"><subfield code="a">cpeeng</subfield></datafield><datafield ind1="1" ind2=" " tag="100"><subfield code="a">Rountree, S. Catherine.</subfield></datafield><datafield ind1="1" ind2="0" tag="245"><subfield code="a">Saramaccan for beginners :</subfield><subfield code="b">(a pedagogical grammar of the Saramaccan language) /</subfield><subfield code="c">S. C. Rountree [and] N. Glock.</subfield></datafield><datafield ind1=" " ind2=" " tag="260"><subfield code="a">Paramaribo :</subfield><subfield code="b">Instituut voor Taalwetenschap,</subfield><subfield code="c">1982.</subfield></datafield><datafield ind1=" " ind2=" " tag="300"><subfield code="a">ix, 197 p. :</subfield><subfield code="b">ill. ;</subfield><subfield code="c">28 cm.</subfield></datafield><datafield ind1=" " ind2="0" tag="440"><subfield code="a">Languages of the Guianas ;</subfield><subfield code="v">v. 5</subfield></datafield><datafield ind1=" " ind2=" " tag="500"><subfield code="a">Includes index.</subfield></datafield><datafield ind1=" " ind2="0" tag="650"><subfield code="a">Saramaccan language</subfield><subfield code="x">Study and teaching.</subfield></datafield><datafield ind1=" " ind2="0" tag="650"><subfield code="a">Saramaccan language</subfield><subfield code="x">Grammar.</subfield></datafield><datafield ind1=" " ind2="0" tag="650"><subfield code="a">Creole dialects, English</subfield><subfield code="z">Suriname.</subfield></datafield><datafield ind1="1" ind2="0" tag="700"><subfield code="a">Glock, Naomi.</subfield></datafield><datafield ind1=" " ind2=" " tag="035"><subfield code="a">(TxDaGIAL)37741100017031</subfield></datafield><controlfield tag="005">20080624161307.0</controlfield><controlfield tag="001">7838</controlfield><controlfield tag="003">TxDaGIAL</controlfield><datafield ind1=" " ind2=" " tag="852"><subfield code="p">37741100017031</subfield><subfield code="a">Library</subfield><subfield code="x">COPYID:9257</subfield><subfield code="x">FSC@aRegular@c19970422</subfield><subfield code="h">427.9883 R859s 1982</subfield><subfield code="z">9618</subfield></datafield></record>