
<record><leader>00814nam a2200217 a 4500</leader><controlfield tag="008">970422s1990    txubd         000 0 eng d</controlfield><datafield ind1=" " ind2=" " tag="040"><subfield code="a">TxDaGIAL</subfield><subfield code="c">TxDaGIAL</subfield></datafield><datafield ind1="1" ind2=" " tag="100"><subfield code="a">Laidig, Carol J.</subfield></datafield><datafield ind1="1" ind2="0" tag="245"><subfield code="a">Segments, syllables and stress in Larike /</subfield><subfield code="c">by Carol Jean Laidig.</subfield></datafield><datafield ind1=" " ind2=" " tag="260"><subfield code="c">1990.</subfield></datafield><datafield ind1=" " ind2=" " tag="300"><subfield code="a">63 leaves :</subfield><subfield code="b">charts, maps ;</subfield><subfield code="c">29 cm.</subfield></datafield><datafield ind1=" " ind2=" " tag="502"><subfield code="a">Thesis (M.A.)--University of Texas at Arlington,1990.</subfield></datafield><datafield ind1=" " ind2=" " tag="504"><subfield code="a">Bibliography : leaf 63.</subfield></datafield><datafield ind1=" " ind2="0" tag="650"><subfield code="a">Larike-Wakasihu language</subfield><subfield code="x">Syllable.</subfield></datafield><datafield ind1=" " ind2="0" tag="650"><subfield code="a">Larike-Wakasihu language</subfield><subfield code="x">Phonology.</subfield></datafield><datafield ind1="2" ind2="0" tag="610"><subfield code="a">University of Texas at Arlington</subfield><subfield code="x">Dissertations.</subfield></datafield><datafield ind1=" " ind2=" " tag="035"><subfield code="a">(TxDaGIAL)37741100017024</subfield></datafield><controlfield tag="005">20080624161322.0</controlfield><controlfield tag="001">7910</controlfield><controlfield tag="003">TxDaGIAL</controlfield><datafield ind1=" " ind2=" " tag="852"><subfield code="p">37741100017024</subfield><subfield code="a">Library</subfield><subfield code="9">$0.00</subfield><subfield code="x">COPYID:9337</subfield><subfield code="x">FSC@aRegular@c19970422</subfield><subfield code="h">499.224 L185s 1990</subfield><subfield code="z">Author gift 10-90</subfield></datafield></record>