
<record><leader>01104cam a2200289 a 4500</leader><controlfield tag="008">801125s1980    ii       b    00010 eng  </controlfield><datafield ind1=" " ind2=" " tag="010"><subfield code="a">   80903602 //r85</subfield></datafield><datafield ind1=" " ind2=" " tag="020"><subfield code="c">Rs55.00 ($12.00 U.S.)</subfield></datafield><datafield ind1=" " ind2=" " tag="040"><subfield code="a">DLC</subfield><subfield code="c">DLC</subfield></datafield><datafield ind1="0" ind2=" " tag="050"><subfield code="a">PK1933</subfield><subfield code="b">.A34 1980</subfield></datafield><datafield ind1="0" ind2=" " tag="082"><subfield code="a">491/.435</subfield></datafield><datafield ind1="1" ind2="0" tag="100"><subfield code="a">Abbi, Anvita,</subfield><subfield code="d">1949-</subfield></datafield><datafield ind1="1" ind2="0" tag="245"><subfield code="a">Semantic grammar of Hindi :</subfield><subfield code="b">a study in reduplication /</subfield><subfield code="c">Anvita Abbi.</subfield></datafield><datafield ind1="0" ind2=" " tag="260"><subfield code="a">New Delhi :</subfield><subfield code="b">Bahri,</subfield><subfield code="c">1980.</subfield></datafield><datafield ind1=" " ind2=" " tag="300"><subfield code="a">xii, 159 p. ;</subfield><subfield code="c">23 cm.</subfield></datafield><datafield ind1="1" ind2=" " tag="490"><subfield code="a">Sill : series in Indian languages and linguistics ;</subfield><subfield code="v">10</subfield></datafield><datafield ind1=" " ind2=" " tag="500"><subfield code="a">A revision of the author's thesis (Ph. D.--Cornell University, 1974) with title: Reduplication in Hindi.</subfield></datafield><datafield ind1=" " ind2=" " tag="504"><subfield code="a">Bibliography: p. [157]-159.</subfield></datafield><datafield ind1=" " ind2="0" tag="650"><subfield code="a">Hindi language</subfield><subfield code="x">Reduplication.</subfield></datafield><datafield ind1=" " ind2="0" tag="650"><subfield code="a">Hindi language</subfield><subfield code="x">Semantics.</subfield></datafield><datafield ind1=" " ind2="0" tag="650"><subfield code="a">Hindi language</subfield><subfield code="x">Grammar, Generative.</subfield></datafield><datafield ind1=" " ind2="0" tag="830"><subfield code="a">Series in Indian languages and linguistics ;</subfield><subfield code="v">10.</subfield></datafield><datafield ind1=" " ind2=" " tag="035"><subfield code="a">(TxDaGIAL)37741100004017</subfield></datafield><controlfield tag="005">20080624161331.0</controlfield><controlfield tag="001">7950</controlfield><controlfield tag="003">TxDaGIAL</controlfield><datafield ind1=" " ind2=" " tag="852"><subfield code="p">37741100004017</subfield><subfield code="a">Library</subfield><subfield code="9">$0.00</subfield><subfield code="x">COPYID:9384</subfield><subfield code="x">FSC@aRegular@c19950508</subfield><subfield code="h">491.435 A124s 1980</subfield><subfield code="z">12330</subfield></datafield></record>