
<record><leader>01167nam a2200301 a 4500</leader><controlfield tag="008">820807s1978    caua     b    00010 eng  </controlfield><datafield ind1=" " ind2=" " tag="010"><subfield code="a">   82159004</subfield></datafield><datafield ind1=" " ind2=" " tag="040"><subfield code="a">DLC</subfield><subfield code="c">DLC</subfield><subfield code="d">TxDaGIAL</subfield></datafield><datafield ind1=" " ind2=" " tag="043"><subfield code="a">f-nr---</subfield></datafield><datafield ind1="0" ind2=" " tag="050"><subfield code="a">DT515.45.A53</subfield><subfield code="b">B87 1978</subfield></datafield><datafield ind1="0" ind2=" " tag="082"><subfield code="a">493/.7</subfield><subfield code="2">19</subfield></datafield><datafield ind1="1" ind2="0" tag="100"><subfield code="a">Burquest, Donald A.</subfield></datafield><datafield ind1="1" ind2="0" tag="245"><subfield code="a">Semantic parameters in Angas kinship terminology /</subfield><subfield code="c">by Donald A. Burquest.</subfield></datafield><datafield ind1="0" ind2=" " tag="260"><subfield code="a">Malibu, Calif. :</subfield><subfield code="b">Undena Publications,</subfield><subfield code="c">1978.</subfield></datafield><datafield ind1=" " ind2=" " tag="300"><subfield code="a">29 p. :</subfield><subfield code="b">ill. ;</subfield><subfield code="c">28 cm.</subfield></datafield><datafield ind1="1" ind2=" " tag="490"><subfield code="a">Afroasiatic linguistics ;</subfield><subfield code="v">5:6</subfield></datafield><datafield ind1="1" ind2=" " tag="490"><subfield code="a">Monographic journals of the Near East. Afroasiatic linguistics ;</subfield><subfield code="v">v. 5, issue 6 (Dec. 1978)</subfield></datafield><datafield ind1=" " ind2=" " tag="500"><subfield code="a">Cover title.</subfield></datafield><datafield ind1=" " ind2=" " tag="504"><subfield code="a">Bibliography: p. 78-79.</subfield></datafield><datafield ind1=" " ind2="0" tag="650"><subfield code="a">Angas (African people)</subfield><subfield code="x">Kinship.</subfield></datafield><datafield ind1=" " ind2="0" tag="650"><subfield code="a">Angas language</subfield><subfield code="x">Semantics.</subfield></datafield><datafield ind1=" " ind2="0" tag="830"><subfield code="a">Monographic journals of the Near East.</subfield><subfield code="p">Afroasiatic linguistics ;</subfield><subfield code="v">v. 5, issue 6.</subfield></datafield><datafield ind1=" " ind2="0" tag="830"><subfield code="a">Monographic journals of the Near East.</subfield><subfield code="p">Afroasiatic linguistics ;</subfield><subfield code="v">5:6.</subfield></datafield><datafield ind1=" " ind2=" " tag="035"><subfield code="a">(TxDaGIAL)37741100007063</subfield></datafield><controlfield tag="005">20080624161332.0</controlfield><controlfield tag="001">7954</controlfield><controlfield tag="003">TxDaGIAL</controlfield><datafield ind1=" " ind2=" " tag="852"><subfield code="p">37741100007063</subfield><subfield code="a">Library</subfield><subfield code="x">COPYID:9388</subfield><subfield code="x">FSC@aRegular@c19950822</subfield><subfield code="h">492 A258 5:6 1978</subfield></datafield></record>