
<record><leader>00806nam a2200217 a 4500</leader><controlfield tag="008">970728s1984    txu           000 0 eng d</controlfield><datafield ind1=" " ind2=" " tag="040"><subfield code="a">TxDaGIAL</subfield><subfield code="c">TxDaGIAL</subfield></datafield><datafield ind1="1" ind2=" " tag="100"><subfield code="a">Mariappandar, Alaichamy.</subfield></datafield><datafield ind1="1" ind2="0" tag="245"><subfield code="a">Semantic structure of Tamil discourse /</subfield><subfield code="c">by Alaichamy Mariappandar.</subfield></datafield><datafield ind1=" " ind2=" " tag="260"><subfield code="c">1984.</subfield></datafield><datafield ind1=" " ind2=" " tag="300"><subfield code="a">xi, 266 leaves :</subfield><subfield code="b">ill., charts ;</subfield><subfield code="c">30 cm.</subfield></datafield><datafield ind1=" " ind2=" " tag="502"><subfield code="a">Thesis (M.A)--University of Texas at Arlington, 1984.</subfield></datafield><datafield ind1=" " ind2=" " tag="504"><subfield code="a">Bibliography: leaves 264-266.</subfield></datafield><datafield ind1=" " ind2="0" tag="650"><subfield code="a">Tamil language</subfield><subfield code="x">Discourse analysis.</subfield></datafield><datafield ind1=" " ind2="0" tag="650"><subfield code="a">Tamil language</subfield><subfield code="x">Semantics.</subfield></datafield><datafield ind1="2" ind2="0" tag="610"><subfield code="a">University of Texas at Arlington</subfield><subfield code="x">Dissertations.</subfield></datafield><datafield ind1=" " ind2=" " tag="035"><subfield code="a">(TxDaGIAL)37741100019264</subfield></datafield><controlfield tag="005">20080624161333.0</controlfield><controlfield tag="001">7960</controlfield><controlfield tag="003">TxDaGIAL</controlfield><datafield ind1=" " ind2=" " tag="852"><subfield code="p">37741100019264</subfield><subfield code="a">Library</subfield><subfield code="x">COPYID:9397</subfield><subfield code="x">FSC@aRegular@c19970729</subfield><subfield code="h">494.811 M333s 1984</subfield><subfield code="z">10738</subfield></datafield></record>