
<record><leader>00838nam a2200229 a 4500</leader><controlfield tag="008">880613s1987    inu      b    00010 eng d</controlfield><datafield ind1=" " ind2=" " tag="035"><subfield code="a">(CU-UC)dlaisn3944738</subfield></datafield><datafield ind1=" " ind2=" " tag="040"><subfield code="a">CU-SB</subfield><subfield code="c">CU-SB</subfield></datafield><datafield ind1="1" ind2="0" tag="100"><subfield code="a">Biq, Yung-O.</subfield></datafield><datafield ind1="1" ind2="4" tag="245"><subfield code="a">The semantics and pragmatics of cai and jiu in Mandarin Chinese /</subfield><subfield code="c">by Yung-O Biq.</subfield></datafield><datafield ind1="0" ind2=" " tag="260"><subfield code="a">Bloomington :</subfield><subfield code="b">Indiana University Linguistics Club,</subfield><subfield code="c">c1987.</subfield></datafield><datafield ind1=" " ind2=" " tag="300"><subfield code="a">vii, 112 p. ;</subfield><subfield code="c">28 cm.</subfield></datafield><datafield ind1=" " ind2=" " tag="500"><subfield code="a">"January 1987."</subfield></datafield><datafield ind1=" " ind2=" " tag="500"><subfield code="a">Originally presented as the author's thesis (Ph. D.--Cornell University, 1984)</subfield></datafield><datafield ind1=" " ind2=" " tag="504"><subfield code="a">Bibliography: p. 108-111.</subfield></datafield><datafield ind1=" " ind2=" " tag="546"><subfield code="a">English.</subfield></datafield><datafield ind1=" " ind2="0" tag="650"><subfield code="a">Chinese language</subfield><subfield code="x">Particles.</subfield></datafield><datafield ind1=" " ind2=" " tag="035"><subfield code="a">(TxDaGIAL)37741100014905</subfield></datafield><controlfield tag="005">20080624161335.0</controlfield><controlfield tag="001">7973</controlfield><controlfield tag="003">TxDaGIAL</controlfield><datafield ind1=" " ind2=" " tag="852"><subfield code="p">37741100014905</subfield><subfield code="a">Library</subfield><subfield code="x">COPYID:9411</subfield><subfield code="x">FSC@aRegular@c19970203</subfield><subfield code="h">495.1014 B616s 1987</subfield><subfield code="z">12763</subfield></datafield></record>