
<record><leader>01216cam a2200289 a 4500</leader><controlfield tag="008">841010s1984    txua     b    00110 eng  </controlfield><datafield ind1=" " ind2=" " tag="010"><subfield code="a">   81051057 //r88</subfield></datafield><datafield ind1=" " ind2=" " tag="020"><subfield code="a">0883120879 (pbk. : cover)</subfield></datafield><datafield ind1=" " ind2=" " tag="040"><subfield code="a">DLC</subfield><subfield code="c">DLC</subfield><subfield code="d">TxDaGIAL</subfield></datafield><datafield ind1="0" ind2=" " tag="050"><subfield code="a">PL8658.1</subfield><subfield code="b">.M5 1984</subfield></datafield><datafield ind1="0" ind2=" " tag="082"><subfield code="a">496/.35</subfield><subfield code="2">19</subfield></datafield><datafield ind1="1" ind2="0" tag="100"><subfield code="a">Mills, Elizabeth.</subfield></datafield><datafield ind1="1" ind2="0" tag="245"><subfield code="a">Senoufo phonology, discourse to syllable :</subfield><subfield code="b">(a prosodic approach) /</subfield><subfield code="c">by Elizabeth Mills.</subfield></datafield><datafield ind1="0" ind2=" " tag="260"><subfield code="a">Dallas, TX :</subfield><subfield code="b">Summer Institute of Linguistics ;</subfield><subfield code="a">[Arlington] :</subfield><subfield code="b">University of Texas at Arlington,</subfield><subfield code="c">1984.</subfield></datafield><datafield ind1=" " ind2=" " tag="300"><subfield code="a">xxvii, 217 p. :</subfield><subfield code="b">ill. ;</subfield><subfield code="c">23 cm.</subfield></datafield><datafield ind1=" " ind2="0" tag="440"><subfield code="a">Summer Institute of Linguistics publications in linguistics ;</subfield><subfield code="v">no. 72</subfield></datafield><datafield ind1=" " ind2=" " tag="504"><subfield code="a">Bibliography: p. 211-213.</subfield></datafield><datafield ind1=" " ind2=" " tag="500"><subfield code="a">Includes index.</subfield></datafield><datafield ind1=" " ind2="0" tag="650"><subfield code="a">Senari language</subfield><subfield code="x">Phonology.</subfield></datafield><datafield ind1=" " ind2="0" tag="650"><subfield code="a">Senufo languages.</subfield></datafield><datafield ind1=" " ind2=" " tag="035"><subfield code="a">(TxDaGIAL)37741100006879</subfield></datafield><controlfield tag="005">20080624161340.0</controlfield><controlfield tag="001">8001</controlfield><controlfield tag="003">TxDaGIAL</controlfield><datafield ind1=" " ind2=" " tag="852"><subfield code="p">37741100006879</subfield><subfield code="a">Library</subfield><subfield code="x">COPYID:9444</subfield><subfield code="x">FSC@aRegular@c19950816</subfield><subfield code="h">496.35 M657s 1984</subfield><subfield code="z">10871</subfield></datafield><datafield ind1=" " ind2=" " tag="852"><subfield code="p">37741100006880</subfield><subfield code="a">Library</subfield><subfield code="x">COPYID:9445</subfield><subfield code="x">FSC@aRegular@c19950816</subfield><subfield code="h">496.35 M657s 1984</subfield><subfield code="z">10872</subfield></datafield><datafield ind1=" " ind2=" " tag="852"><subfield code="p">37741100006881</subfield><subfield code="a">Library</subfield><subfield code="x">COPYID:9446</subfield><subfield code="x">FSC@aRegular@c19950816</subfield><subfield code="h">496.35 M657s 1984</subfield><subfield code="z">10962</subfield></datafield></record>