
<record><leader>00989nam a2200253 a 4500</leader><controlfield tag="008">970701t19891991miu           000 0 eng d</controlfield><datafield ind1=" " ind2=" " tag="040"><subfield code="a">TxDaGIAL</subfield><subfield code="c">TxDaGIAL</subfield></datafield><datafield ind1="1" ind2=" " tag="100"><subfield code="a">Miller, John Michael.</subfield></datafield><datafield ind1="1" ind2="0" tag="245"><subfield code="a">Sentential complementation in Huaraz Quechua :</subfield><subfield code="b">a typological-functional study /</subfield><subfield code="c">by John Michael Miller.</subfield></datafield><datafield ind1=" " ind2=" " tag="260"><subfield code="c">1989.</subfield></datafield><datafield ind1=" " ind2=" " tag="300"><subfield code="a">xii, 166 p. ;</subfield><subfield code="c">22 cm.</subfield></datafield><datafield ind1=" " ind2=" " tag="502"><subfield code="a">Thesis (M.A.)--University of Texas at Arlington, 1989.</subfield></datafield><datafield ind1=" " ind2=" " tag="504"><subfield code="a">Includes bibliographical references ( p. 163-166).</subfield></datafield><datafield ind1=" " ind2=" " tag="533"><subfield code="a">Facsim.</subfield><subfield code="b">Ann Arbor, Mich. :</subfield><subfield code="c">University Microfilms,</subfield><subfield code="d">1991.</subfield></datafield><datafield ind1=" " ind2="0" tag="650"><subfield code="a">Quechua language.</subfield></datafield><datafield ind1=" " ind2="0" tag="650"><subfield code="a">Typology (Linguistics)</subfield></datafield><datafield ind1=" " ind2="0" tag="650"><subfield code="a">Functionalism (Linguistics)</subfield></datafield><datafield ind1=" " ind2="0" tag="650"><subfield code="a">Complementation (Linguistics)</subfield></datafield><datafield ind1="2" ind2="0" tag="610"><subfield code="a">University of Texas at Arlington</subfield><subfield code="x">Dissertations.</subfield></datafield><datafield ind1=" " ind2=" " tag="035"><subfield code="a">(TxDaGIAL)37741100018795</subfield></datafield><controlfield tag="005">20080624161344.0</controlfield><controlfield tag="001">8010</controlfield><controlfield tag="003">TxDaGIAL</controlfield><datafield ind1=" " ind2=" " tag="852"><subfield code="p">37741100018795</subfield><subfield code="a">Library</subfield><subfield code="9">$32.50</subfield><subfield code="x">COPYID:9457</subfield><subfield code="x">FSC@aRegular@c19970702</subfield><subfield code="h">498.3231 M649s 1989</subfield></datafield></record>