
<record><leader>01018cam a2200229 a 4500</leader><controlfield tag="008">960909s1961    mx       d    000 0 spa d</controlfield><datafield ind1=" " ind2=" " tag="040"><subfield code="a">RETROCON/NYGG (COO)</subfield><subfield code="c">COO</subfield><subfield code="d">CaOTU</subfield></datafield><datafield ind1=" " ind2="4" tag="050"><subfield code="a">PM4251</subfield><subfield code="b">.M67 1961</subfield></datafield><datafield ind1="1" ind2=" " tag="100"><subfield code="a">Moser, Edward.</subfield></datafield><datafield ind1="1" ind2="0" tag="245"><subfield code="a">Seri-castellano, castellano-seri /</subfield><subfield code="c">compilado por Edward Moser y Mary B. Moser.</subfield></datafield><datafield ind1="3" ind2=" " tag="246"><subfield code="a">Vocabulario seri</subfield></datafield><datafield ind1=" " ind2=" " tag="260"><subfield code="a">M&#233;xico :</subfield><subfield code="b">Instituto Ling&#252;&#237;stico de Verano, en cooperaci&#243;n con la Direcci&#243;n General de Asuntos Ind&#237;genas de la Secretar&#237;a de Educaci&#243;n P&#250;blica,</subfield><subfield code="c">1961.</subfield></datafield><datafield ind1=" " ind2=" " tag="300"><subfield code="a">ix, 199 p. ;</subfield><subfield code="c">21 cm.</subfield></datafield><datafield ind1=" " ind2="0" tag="440"><subfield code="a">Serie de vocabularios ind&#237;genas Mariano Silva y Aceves ;</subfield><subfield code="v">n&#250;m. 5</subfield></datafield><datafield ind1=" " ind2="0" tag="650"><subfield code="a">Seri language</subfield><subfield code="v">Glossaries, vocabularies, etc.</subfield></datafield><datafield ind1="1" ind2=" " tag="700"><subfield code="a">Moser, Mary Beck.</subfield></datafield><datafield ind1=" " ind2=" " tag="035"><subfield code="a">(TxDaGIAL)37741100021060</subfield></datafield><controlfield tag="005">20080624161345.0</controlfield><controlfield tag="001">8018</controlfield><controlfield tag="003">TxDaGIAL</controlfield><datafield ind1=" " ind2=" " tag="852"><subfield code="p">37741100021060</subfield><subfield code="a">Library</subfield><subfield code="x">COPYID:9465</subfield><subfield code="x">FSC@aRegular@c19971017</subfield><subfield code="h">497.57 M899s 1961</subfield><subfield code="z">3348</subfield></datafield><datafield ind1=" " ind2=" " tag="852"><subfield code="p">37741100021061</subfield><subfield code="a">Library</subfield><subfield code="x">COPYID:9466</subfield><subfield code="x">FSC@aRegular@c19971017</subfield><subfield code="h">497.57 M899s 1961</subfield></datafield></record>