
<record><leader>00969nam a2200253 a 4500</leader><controlfield tag="008">880225r19861985inu      b    00010 eng d</controlfield><datafield ind1=" " ind2=" " tag="035"><subfield code="a">(CU-UC)dlaisn3799650</subfield></datafield><datafield ind1=" " ind2=" " tag="040"><subfield code="a">MiU</subfield><subfield code="c">MiU</subfield><subfield code="d">CU-SB</subfield></datafield><datafield ind1=" " ind2=" " tag="043"><subfield code="a">a-cc---</subfield></datafield><datafield ind1="1" ind2="0" tag="100"><subfield code="a">Jin, Shunde.</subfield></datafield><datafield ind1="1" ind2="0" tag="245"><subfield code="a">Shanghai morphotonemics :</subfield><subfield code="b">a preliminary study of tone sandhi behavior across word boundaries /</subfield><subfield code="c">by Jin Shunde.</subfield></datafield><datafield ind1="0" ind2=" " tag="260"><subfield code="a">Bloomington, Ind. :</subfield><subfield code="b">Indiana University Linguistics Club.,</subfield><subfield code="c">[1986]</subfield></datafield><datafield ind1=" " ind2=" " tag="300"><subfield code="a">ix, 123 p. ;</subfield><subfield code="c">28 cm.</subfield></datafield><datafield ind1=" " ind2=" " tag="500"><subfield code="a">"August, 1986."</subfield></datafield><datafield ind1=" " ind2=" " tag="500"><subfield code="a">Originally presented as the author's thesis (M.A.--University of Pittsburgh, 1985)</subfield></datafield><datafield ind1=" " ind2=" " tag="504"><subfield code="a">Bibliography: p. 122-123.</subfield></datafield><datafield ind1=" " ind2=" " tag="546"><subfield code="a">English.</subfield></datafield><datafield ind1=" " ind2="0" tag="650"><subfield code="a">Chinese language</subfield><subfield code="x">Dialects</subfield><subfield code="z">China</subfield><subfield code="z">Shanghai.</subfield></datafield><datafield ind1=" " ind2="0" tag="650"><subfield code="a">Chinese language</subfield><subfield code="x">Morphophonemics.</subfield></datafield><datafield ind1=" " ind2=" " tag="035"><subfield code="a">(TxDaGIAL)37741100014906</subfield></datafield><controlfield tag="005">20080624161348.0</controlfield><controlfield tag="001">8037</controlfield><controlfield tag="003">TxDaGIAL</controlfield><datafield ind1=" " ind2=" " tag="852"><subfield code="p">37741100014906</subfield><subfield code="a">Library</subfield><subfield code="x">COPYID:9485</subfield><subfield code="x">FSC@aRegular@c19970203</subfield><subfield code="h">495.1 S562s 1986</subfield><subfield code="z">12464</subfield></datafield></record>