
<record><leader>00822nam a2200241 i 4500</leader><controlfield tag="008">770401s1977    azu      b    00010 eng  </controlfield><datafield ind1=" " ind2=" " tag="010"><subfield code="a">   76055465</subfield></datafield><datafield ind1=" " ind2=" " tag="020"><subfield code="a">0816505705 :</subfield><subfield code="c">$5.95</subfield></datafield><datafield ind1=" " ind2=" " tag="040"><subfield code="a">DLC</subfield><subfield code="c">DLC</subfield></datafield><datafield ind1="0" ind2=" " tag="041"><subfield code="a">engara</subfield></datafield><datafield ind1="0" ind2=" " tag="050"><subfield code="a">PJ6853</subfield><subfield code="b">.Q33</subfield></datafield><datafield ind1=" " ind2=" " tag="082"><subfield code="a">492/.7/7</subfield></datafield><datafield ind1="1" ind2="0" tag="100"><subfield code="a">Qafisheh, Hamdi A.</subfield></datafield><datafield ind1="1" ind2="2" tag="245"><subfield code="a">A short reference grammar of Gulf Arabic /</subfield><subfield code="c">Hamdi A. Qafisheh ; in consultation with Ernest N. McCarus.</subfield></datafield><datafield ind1="0" ind2=" " tag="260"><subfield code="a">Tucson, Ariz. :</subfield><subfield code="b">University of Arizona Press,</subfield><subfield code="c">c1977.</subfield></datafield><datafield ind1=" " ind2=" " tag="300"><subfield code="a">xxii, 274 p. ;</subfield><subfield code="c">23 cm.</subfield></datafield><datafield ind1=" " ind2=" " tag="504"><subfield code="a">Bibliography: p. 273-274.</subfield></datafield><datafield ind1=" " ind2="0" tag="650"><subfield code="a">Arabic language</subfield><subfield code="x">Dialects</subfield><subfield code="z">Persian Gulf States.</subfield></datafield><datafield ind1=" " ind2=" " tag="035"><subfield code="a">(TxDaGIAL)37741100007678</subfield></datafield><controlfield tag="005">20080624161352.0</controlfield><controlfield tag="001">8055</controlfield><controlfield tag="003">TxDaGIAL</controlfield><datafield ind1=" " ind2=" " tag="852"><subfield code="p">37741100007678</subfield><subfield code="a">Library</subfield><subfield code="x">COPYID:9505</subfield><subfield code="x">FSC@aRegular@c19950906</subfield><subfield code="h">492.77 Q1 1977</subfield><subfield code="z">5126</subfield></datafield></record>