
<record><leader>00926cam a2200241   4500</leader><controlfield tag="008">710408s19701971ndu      d    00000 eng  </controlfield><datafield ind1=" " ind2=" " tag="010"><subfield code="a">   78022454</subfield></datafield><datafield ind1=" " ind2=" " tag="040"><subfield code="a">DLC</subfield><subfield code="c">DLC</subfield><subfield code="d">TxDaGIAL</subfield></datafield><datafield ind1="0" ind2=" " tag="041"><subfield code="a">engcai</subfield></datafield><datafield ind1="0" ind2=" " tag="050"><subfield code="a">PM2321.Z5</subfield><subfield code="b">T5</subfield></datafield><datafield ind1=" " ind2=" " tag="082"><subfield code="a">497/.4</subfield></datafield><datafield ind1="1" ind2="0" tag="100"><subfield code="a">Tidzump, Malinda.</subfield></datafield><datafield ind1="1" ind2="0" tag="245"><subfield code="a">Shoshone thesaurus /</subfield><subfield code="c">Malinda Tidzump.</subfield></datafield><datafield ind1="0" ind2=" " tag="260"><subfield code="a">[Grand Forks, N.D.,</subfield><subfield code="c">1970]</subfield></datafield><datafield ind1=" " ind2=" " tag="300"><subfield code="a">vii, 52 l. ;</subfield><subfield code="c">28 cm. +</subfield><subfield code="e">Index to Shoshone thesaurus/ by Malinda Tidzump, 1971.</subfield></datafield><datafield ind1=" " ind2="0" tag="650"><subfield code="a">Shoshoni language</subfield><subfield code="v">Glossaries, vocabularies, etc.</subfield></datafield><datafield ind1=" " ind2=" " tag="035"><subfield code="a">(TxDaGIAL)37741100007096</subfield></datafield><controlfield tag="005">20080624161352.0</controlfield><controlfield tag="001">8057</controlfield><controlfield tag="003">TxDaGIAL</controlfield><datafield ind1=" " ind2=" " tag="852"><subfield code="p">37741100007096</subfield><subfield code="a">Library</subfield><subfield code="x">COPYID:9507</subfield><subfield code="x">FSC@aRegular@c19950822</subfield><subfield code="h">497.45 T558s 1970</subfield><subfield code="z">3382</subfield></datafield><datafield ind1=" " ind2=" " tag="852"><subfield code="p">37741100007097</subfield><subfield code="a">Library</subfield><subfield code="x">COPYID:9508</subfield><subfield code="x">FSC@aRegular@c19950822</subfield><subfield code="h">497.45 T558s 1970</subfield><subfield code="z">3171</subfield></datafield><datafield ind1=" " ind2=" " tag="852"><subfield code="p">37741100007098</subfield><subfield code="a">Library</subfield><subfield code="x">COPYID:9509</subfield><subfield code="x">FSC@aRegular@c19950822</subfield><subfield code="h">497.45 T558si 1971</subfield><subfield code="z">3383</subfield></datafield></record>