
<record><leader>00812cam a2200205 i 4500</leader><controlfield tag="008">690904s1917    dcu           000 0 eng d</controlfield><datafield ind1=" " ind2=" " tag="040"><subfield code="a">TxDaGIAL</subfield><subfield code="c">TxDaGIAL</subfield></datafield><datafield ind1="0" ind2=" " tag="041"><subfield code="a">engnai</subfield></datafield><datafield ind1="1" ind2="0" tag="100"><subfield code="a">Frachtenberg, Leo Joachim,</subfield><subfield code="d">1883-1930.</subfield></datafield><datafield ind1="1" ind2="0" tag="245"><subfield code="a">Siuslawan (Lower Umpqua) :</subfield><subfield code="b">an illustrative sketch /</subfield><subfield code="c">by Leo J. Frachtenberg.</subfield></datafield><datafield ind1="0" ind2=" " tag="260"><subfield code="a">Washington, D.C. :</subfield><subfield code="b">Government Printing Office,</subfield><subfield code="c">1917.</subfield></datafield><datafield ind1=" " ind2=" " tag="300"><subfield code="a">p.433-629 ;</subfield><subfield code="c">25 cm.</subfield></datafield><datafield ind1=" " ind2=" " tag="500"><subfield code="a">Kuitsh and English.</subfield></datafield><datafield ind1=" " ind2=" " tag="500"><subfield code="a">"Extract from Handbook of American Indian Languages (Bulletin 40), part 2, of Bureau of American Ethnology (BOAS)" -tp.</subfield></datafield><datafield ind1=" " ind2="0" tag="650"><subfield code="a">Kuitsh language</subfield><subfield code="x">Grammar.</subfield></datafield><datafield ind1=" " ind2=" " tag="035"><subfield code="a">(TxDaGIAL)37741100020583</subfield></datafield><controlfield tag="005">20080624161400.0</controlfield><controlfield tag="001">8093</controlfield><controlfield tag="003">TxDaGIAL</controlfield><datafield ind1=" " ind2=" " tag="852"><subfield code="p">37741100020583</subfield><subfield code="a">Library</subfield><subfield code="x">COPYID:9550</subfield><subfield code="x">FSC@aRegular@c19970924</subfield><subfield code="h">497.412 F798s 1917</subfield></datafield></record>