
<record><leader>00767nam a2200217 a 4500</leader><controlfield tag="008">970412s1978    txub          000 0 eng d</controlfield><datafield ind1=" " ind2=" " tag="040"><subfield code="a">TxDaGIAL</subfield><subfield code="c">TxDaGIAL</subfield></datafield><datafield ind1=" " ind2=" " tag="094"><subfield code="a">avt00</subfield><subfield code="2">ROPAL</subfield></datafield><datafield ind1="1" ind2=" " tag="100"><subfield code="a">Scorza, David.</subfield></datafield><datafield ind1="1" ind2="2" tag="245"><subfield code="a">A sketch of Au morphology and syntax /</subfield><subfield code="c">by David Paul Scorza.</subfield></datafield><datafield ind1=" " ind2=" " tag="260"><subfield code="c">1978.</subfield></datafield><datafield ind1=" " ind2=" " tag="300"><subfield code="a">xi, 109 leaves :</subfield><subfield code="b">map ;</subfield><subfield code="c">29 cm.</subfield></datafield><datafield ind1=" " ind2=" " tag="502"><subfield code="a">Thesis (M.A.)--University of Texas at Arlington, 1978.</subfield></datafield><datafield ind1=" " ind2=" " tag="504"><subfield code="a">Bibliography : leaves 103-105.</subfield></datafield><datafield ind1=" " ind2="0" tag="650"><subfield code="a">Au language</subfield><subfield code="x">Grammar.</subfield></datafield><datafield ind1="2" ind2="0" tag="610"><subfield code="a">University of Texas at Arlington.</subfield><subfield code="b">Graduate School</subfield><subfield code="x">Dissertations.</subfield></datafield><datafield ind1=" " ind2=" " tag="035"><subfield code="a">(TxDaGIAL)37741100016744</subfield></datafield><controlfield tag="005">20080624161401.0</controlfield><controlfield tag="001">8101</controlfield><controlfield tag="003">TxDaGIAL</controlfield><datafield ind1=" " ind2=" " tag="852"><subfield code="p">37741100016744</subfield><subfield code="a">Library</subfield><subfield code="x">COPYID:9559</subfield><subfield code="x">FSC@aRegular@c19970414</subfield><subfield code="h">499.1279 S423s 1978</subfield></datafield></record>