
<record><leader>00865nam a2200253Ii 4500</leader><controlfield tag="008">790802s1967    rur      b    00000 rusr </controlfield><datafield ind1=" " ind2=" " tag="010"><subfield code="a">   63139810</subfield></datafield><datafield ind1=" " ind2=" " tag="035"><subfield code="a">(CU-UC)3604547</subfield></datafield><datafield ind1=" " ind2=" " tag="040"><subfield code="a">DLC</subfield><subfield code="c">IOG</subfield><subfield code="d">m/c</subfield><subfield code="d">CLU</subfield></datafield><datafield ind1=" " ind2=" " tag="050"><subfield code="a">PG2375</subfield><subfield code="b">.B4</subfield></datafield><datafield ind1="1" ind2="0" tag="100"><subfield code="a">Beloshapkova, Vera Arsen&#697;evna.</subfield></datafield><datafield ind1="1" ind2="0" tag="245"><subfield code="a">Slozhnoe predlozhenie v sovremennom russkom &#65056;i&#65057;azyke :</subfield><subfield code="b">nekotorye voprosy teorii.</subfield></datafield><datafield ind1="0" ind2=" " tag="260"><subfield code="a">Moskva :</subfield><subfield code="b">Prosveshchenie,</subfield><subfield code="c">1967.</subfield></datafield><datafield ind1=" " ind2=" " tag="300"><subfield code="a">158 p. ;</subfield><subfield code="c">20 cm.</subfield></datafield><datafield ind1=" " ind2="0" tag="440"><subfield code="a">Voprosy sovetskogo &#65056;i&#65057;azykoznani&#65056;i&#65057;a</subfield></datafield><datafield ind1=" " ind2=" " tag="500"><subfield code="a">At head of title: V. A. Beloshapkova.</subfield></datafield><datafield ind1=" " ind2=" " tag="504"><subfield code="a">Bibliographical footnotes.</subfield></datafield><datafield ind1=" " ind2=" " tag="546"><subfield code="a">Russian.</subfield></datafield><datafield ind1=" " ind2="0" tag="650"><subfield code="a">Russian language</subfield><subfield code="x">Sentences.</subfield></datafield><datafield ind1=" " ind2=" " tag="035"><subfield code="a">(TxDaGIAL)37741100018973</subfield></datafield><controlfield tag="005">20080624161403.0</controlfield><controlfield tag="001">8114</controlfield><controlfield tag="003">TxDaGIAL</controlfield><datafield ind1=" " ind2=" " tag="852"><subfield code="p">37741100018973</subfield><subfield code="a">Library</subfield><subfield code="x">COPYID:9574</subfield><subfield code="x">FSC@aRegular@c19970714</subfield><subfield code="h">491.75 B452s 1967</subfield></datafield></record>