
<record><leader>00715nam a2200217 a 4500</leader><controlfield tag="008">970324s1980    xx            000 0 eng d</controlfield><datafield ind1=" " ind2=" " tag="040"><subfield code="a">TxDaGIAL</subfield><subfield code="c">TxDaGIAL</subfield></datafield><datafield ind1="1" ind2=" " tag="100"><subfield code="a">Sim, Ronald James.</subfield></datafield><datafield ind1="1" ind2="2" tag="245"><subfield code="a">A sociolinguistic profile of Maasai - Samburu - Ilchamus languages /</subfield><subfield code="c">by Ronald James Sim.</subfield></datafield><datafield ind1=" " ind2=" " tag="260"><subfield code="c">1980.</subfield></datafield><datafield ind1=" " ind2=" " tag="300"><subfield code="a">124, [ii] leaves ;</subfield><subfield code="c">33 cm.</subfield></datafield><datafield ind1=" " ind2=" " tag="504"><subfield code="a">Includes bibliography.</subfield></datafield><datafield ind1=" " ind2="0" tag="650"><subfield code="a">Masai language.</subfield></datafield><datafield ind1=" " ind2="0" tag="650"><subfield code="a">Samburu language.</subfield></datafield><datafield ind1=" " ind2="0" tag="651"><subfield code="a">Kenya</subfield><subfield code="x">Languages.</subfield></datafield><datafield ind1=" " ind2="0" tag="651"><subfield code="a">Kenya</subfield><subfield code="x">Sociolinguistics.</subfield></datafield><datafield ind1=" " ind2=" " tag="035"><subfield code="a">(TxDaGIAL)37741100016160</subfield></datafield><controlfield tag="005">20080624161425.0</controlfield><controlfield tag="001">8196</controlfield><controlfield tag="003">TxDaGIAL</controlfield><datafield ind1=" " ind2=" " tag="852"><subfield code="p">37741100016160</subfield><subfield code="a">Library</subfield><subfield code="x">COPYID:9657</subfield><subfield code="x">FSC@aRegular@c19970324</subfield><subfield code="h">306.449676 S588s 1980</subfield><subfield code="z">8114</subfield></datafield></record>