
<record><leader>00837nam a2200205 a 4500</leader><controlfield tag="008">970411s1988    txu           000 0 eng d</controlfield><datafield ind1=" " ind2=" " tag="040"><subfield code="a">TxDaGIAL</subfield><subfield code="c">TxDaGIAL</subfield></datafield><datafield ind1="1" ind2=" " tag="100"><subfield code="a">Parker, Stephen G.</subfield><subfield code="q">(Stephen George),</subfield><subfield code="d">1954-</subfield></datafield><datafield ind1="1" ind2="0" tag="245"><subfield code="a">Some universal aspects of coalescence processes confirmed by Chamicuro phonology and morphology /</subfield><subfield code="c">by Stephen George Parker.</subfield></datafield><datafield ind1=" " ind2=" " tag="260"><subfield code="c">1988.</subfield></datafield><datafield ind1=" " ind2=" " tag="300"><subfield code="a">v, 114 leaves ;</subfield><subfield code="c">28 cm.</subfield></datafield><datafield ind1=" " ind2=" " tag="502"><subfield code="a">Thesis (M.A.)--University of Texas at Arlington, 1988.</subfield></datafield><datafield ind1=" " ind2=" " tag="504"><subfield code="a">Bibliography : leaves 113-114.</subfield></datafield><datafield ind1=" " ind2="0" tag="650"><subfield code="a">Chamicuro language</subfield><subfield code="x">Phonology.</subfield></datafield><datafield ind1="2" ind2="0" tag="610"><subfield code="a">University of Texas at Arlington.</subfield><subfield code="b">Graduate School</subfield><subfield code="x">Dissertations.</subfield></datafield><datafield ind1=" " ind2=" " tag="035"><subfield code="a">(TxDaGIAL)37741100016727</subfield></datafield><controlfield tag="005">20080624161436.0</controlfield><controlfield tag="001">8251</controlfield><controlfield tag="003">TxDaGIAL</controlfield><datafield ind1=" " ind2=" " tag="852"><subfield code="p">37741100016727</subfield><subfield code="a">Library</subfield><subfield code="x">COPYID:9719</subfield><subfield code="x">FSC@aRegular@c19970414</subfield><subfield code="h">498.39 P243s 1988</subfield><subfield code="z">13338</subfield></datafield></record>