
<record><leader>00971cam a2200253 i 4500</leader><controlfield tag="008">800221s1980    dcu      b    00010 eng  </controlfield><datafield ind1=" " ind2=" " tag="010"><subfield code="a">   80011948 //r86</subfield></datafield><datafield ind1=" " ind2=" " tag="020"><subfield code="a">0878401776 :</subfield><subfield code="c">$7.95 (est.)</subfield></datafield><datafield ind1=" " ind2=" " tag="040"><subfield code="a">DLC</subfield><subfield code="c">DLC</subfield><subfield code="d">TxDaGIAL</subfield></datafield><datafield ind1="0" ind2=" " tag="050"><subfield code="a">PH2131</subfield><subfield code="b">.V3 1980</subfield></datafield><datafield ind1=" " ind2=" " tag="082"><subfield code="a">494/.51115</subfield><subfield code="2">19</subfield></datafield><datafield ind1="1" ind2="0" tag="100"><subfield code="a">Vago, Robert Michael.</subfield></datafield><datafield ind1="1" ind2="4" tag="245"><subfield code="a">The sound pattern of Hungarian /</subfield><subfield code="c">Robert M. Vago.</subfield></datafield><datafield ind1="0" ind2=" " tag="260"><subfield code="a">Washington, D.C. :</subfield><subfield code="b">Georgetown University Press,</subfield><subfield code="c">c1980.</subfield></datafield><datafield ind1=" " ind2=" " tag="300"><subfield code="a">xiii, 150 p. ;</subfield><subfield code="c">23 cm.</subfield></datafield><datafield ind1=" " ind2=" " tag="500"><subfield code="a">Condensed and rev. version of the author's thesis, Harvard, 1974, presented under the title: Hungarian generative phonology.</subfield></datafield><datafield ind1=" " ind2=" " tag="504"><subfield code="a">Bibliography: p. 148-150.</subfield></datafield><datafield ind1=" " ind2="0" tag="650"><subfield code="a">Hungarian language</subfield><subfield code="x">Phonology.</subfield></datafield><datafield ind1=" " ind2="0" tag="650"><subfield code="a">Hungarian language</subfield><subfield code="x">Grammar, Generative.</subfield></datafield><datafield ind1=" " ind2=" " tag="035"><subfield code="a">(TxDaGIAL)37741100007612</subfield></datafield><controlfield tag="005">20080624161439.0</controlfield><controlfield tag="001">8266</controlfield><controlfield tag="003">TxDaGIAL</controlfield><datafield ind1=" " ind2=" " tag="852"><subfield code="p">37741100007612</subfield><subfield code="a">Library</subfield><subfield code="x">COPYID:9735</subfield><subfield code="x">FSC@aRegular@c19950906</subfield><subfield code="h">494.51115 V126s 1980</subfield><subfield code="z">9899</subfield></datafield></record>