
<record><leader>01101cam a2200277 i 4500</leader><controlfield tag="008">740503s1971    ne a     b    000 0 eng  </controlfield><datafield ind1=" " ind2=" " tag="010"><subfield code="a">   60002882</subfield></datafield><datafield ind1=" " ind2=" " tag="035"><subfield code="a">(OCoLC)00877664</subfield></datafield><datafield ind1=" " ind2=" " tag="040"><subfield code="a">DLC</subfield><subfield code="c">KSU</subfield><subfield code="d">SER</subfield><subfield code="d">OCL</subfield><subfield code="d">LUU</subfield><subfield code="d">TxDaGIAL</subfield></datafield><datafield ind1="0" ind2="0" tag="041"><subfield code="a">engrus</subfield></datafield><datafield ind1="0" ind2="0" tag="050"><subfield code="a">PG2131</subfield><subfield code="b">.H3</subfield></datafield><datafield ind1=" " ind2=" " tag="082"><subfield code="a">491.715</subfield></datafield><datafield ind1="1" ind2=" " tag="100"><subfield code="a">Halle, Morris.</subfield></datafield><datafield ind1="1" ind2="4" tag="245"><subfield code="a">The sound pattern of Russian :</subfield><subfield code="b">a linguistic and acoustical investigation /</subfield><subfield code="c">by Morris Halle; with an excursus on the Contextual variants of the Russian vowels, by Lawrence G. Jones.</subfield></datafield><datafield ind1=" " ind2=" " tag="260"><subfield code="a">The Hague :</subfield><subfield code="b">Mouton,</subfield><subfield code="c">1971, c1959.</subfield></datafield><datafield ind1=" " ind2=" " tag="300"><subfield code="a">206 p. :</subfield><subfield code="b">illus. ;</subfield><subfield code="c">27 cm.</subfield></datafield><datafield ind1=" " ind2="0" tag="440"><subfield code="a">Description and analysis of contemporary standard Russian ;</subfield><subfield code="v">1</subfield></datafield><datafield ind1=" " ind2=" " tag="504"><subfield code="a">Bibliography: p. &lt;199&gt;-206.</subfield></datafield><datafield ind1=" " ind2="0" tag="650"><subfield code="a">Russian language</subfield><subfield code="x">Phonology.</subfield></datafield><datafield ind1="1" ind2="0" tag="600"><subfield code="a">Halle, Morris.</subfield></datafield><datafield ind1=" " ind2=" " tag="035"><subfield code="a">(TxDaGIAL)37741100013200</subfield></datafield><controlfield tag="005">20080624161439.0</controlfield><controlfield tag="001">8267</controlfield><controlfield tag="003">TxDaGIAL</controlfield><datafield ind1=" " ind2=" " tag="852"><subfield code="p">37741100013200</subfield><subfield code="a">Library</subfield><subfield code="x">COPYID:9736</subfield><subfield code="x">FSC@aRegular@c19960924</subfield><subfield code="h">491.715 H183s 1971</subfield><subfield code="z">3184</subfield></datafield><datafield ind1=" " ind2=" " tag="852"><subfield code="p">37741100013201</subfield><subfield code="a">Library</subfield><subfield code="x">COPYID:9737</subfield><subfield code="x">FSC@aRegular@c19960924</subfield><subfield code="h">491.715 H183s 1971</subfield><subfield code="z">3240</subfield></datafield></record>