
<record><leader>00988nam a2200229 i 4500</leader><controlfield tag="008">800227s1958    ja       b    00110 eng  </controlfield><datafield ind1=" " ind2=" " tag="010"><subfield code="a">   80453300</subfield></datafield><datafield ind1=" " ind2=" " tag="040"><subfield code="a">DLC</subfield><subfield code="c">DLC</subfield><subfield code="d">TxDaGIAL</subfield></datafield><datafield ind1="0" ind2=" " tag="050"><subfield code="a">PL541</subfield><subfield code="b">.D3</subfield></datafield><datafield ind1="1" ind2="0" tag="100"><subfield code="a">Daniels, F. J.</subfield></datafield><datafield ind1="1" ind2="4" tag="245"><subfield code="a">The sound system of standard Japanese :</subfield><subfield code="b">a tentative account from the teaching point of view with a discussion of the 'accent' theory (accompanied by a full translation of a Japanese account of the theory) and of word-stress (including a consideration of some Japanese acoustical work) /</subfield><subfield code="c">F. J. Daniels.</subfield></datafield><datafield ind1="0" ind2=" " tag="260"><subfield code="a">Tokyo :</subfield><subfield code="b">Kenkyusha,</subfield><subfield code="c">1958.</subfield></datafield><datafield ind1=" " ind2=" " tag="300"><subfield code="a">vi, 110 p. ;</subfield><subfield code="c">21 cm.</subfield></datafield><datafield ind1=" " ind2=" " tag="504"><subfield code="a">Bibliography: p. 101-102.</subfield></datafield><datafield ind1=" " ind2=" " tag="500"><subfield code="a">Includes indexes.</subfield></datafield><datafield ind1=" " ind2="0" tag="650"><subfield code="a">Japanese language</subfield><subfield code="x">Phonetics.</subfield></datafield><datafield ind1=" " ind2="0" tag="650"><subfield code="a">Japanese language</subfield><subfield code="x">Accents and accentuation.</subfield></datafield><datafield ind1=" " ind2=" " tag="035"><subfield code="a">(TxDaGIAL)37741100009336</subfield></datafield><controlfield tag="005">20080624161440.0</controlfield><controlfield tag="001">8271</controlfield><controlfield tag="003">TxDaGIAL</controlfield><datafield ind1=" " ind2=" " tag="852"><subfield code="p">37741100009336</subfield><subfield code="a">Library</subfield><subfield code="x">COPYID:9741</subfield><subfield code="x">FSC@aRegular@c19951108</subfield><subfield code="h">495.615 D186s 1958</subfield></datafield></record>