
<record><leader>00826nam a2200217 a 4500</leader><controlfield tag="008">971003s1980    xx       bm   000 0 eng d</controlfield><datafield ind1=" " ind2=" " tag="040"><subfield code="a">TxDaGIAL</subfield><subfield code="c">TxDaGIAL</subfield><subfield code="d">TxDaGIAL</subfield></datafield><datafield ind1=" " ind2=" " tag="094"><subfield code="a">lbn00</subfield><subfield code="2">ROPAL</subfield></datafield><datafield ind1="1" ind2=" " tag="100"><subfield code="a">Charoenma, Narumol.</subfield></datafield><datafield ind1="1" ind2="4" tag="245"><subfield code="a">The sound systems of Lampanglament and Wiangpapao Lua /</subfield><subfield code="c">by Narumol Charoenma.</subfield></datafield><datafield ind1=" " ind2=" " tag="260"><subfield code="c">1980.</subfield></datafield><datafield ind1=" " ind2=" " tag="300"><subfield code="a">a-m, 152 leaves :</subfield><subfield code="b">ill. ;</subfield><subfield code="c">28 cm.</subfield></datafield><datafield ind1=" " ind2=" " tag="502"><subfield code="a">Thesis (M.A. ) -- Mahidol University, Thailand, 1980.</subfield></datafield><datafield ind1=" " ind2=" " tag="504"><subfield code="a">Includes bibliographical references (leaves 160-162).</subfield></datafield><datafield ind1=" " ind2="4" tag="650"><subfield code="a">Lamet language.</subfield></datafield><datafield ind1="2" ind2="0" tag="610"><subfield code="a">Mah&#257;witthay&#257;lai Mahidon.</subfield><subfield code="b">Faculty of Graduate Studies</subfield><subfield code="x">Dissertations.</subfield></datafield><datafield ind1=" " ind2=" " tag="035"><subfield code="a">(TxDaGIAL)37741100020822</subfield></datafield><controlfield tag="005">20080624161440.0</controlfield><controlfield tag="001">8272</controlfield><controlfield tag="003">TxDaGIAL</controlfield><datafield ind1=" " ind2=" " tag="852"><subfield code="p">37741100020822</subfield><subfield code="a">Library</subfield><subfield code="x">COPYID:9742</subfield><subfield code="x">FSC@aRegular@c19971010</subfield><subfield code="h">495.93 C483s 1980</subfield><subfield code="z">9730</subfield></datafield></record>