
<record><leader>00903nam a2200253 a 4500</leader><controlfield tag="008">840530s1930    xxu           000 0 eng  </controlfield><datafield ind1=" " ind2=" " tag="040"><subfield code="a">DLC</subfield><subfield code="c">DLC</subfield><subfield code="d">AZU</subfield><subfield code="d">TxDaGIAL</subfield></datafield><datafield ind1="1" ind2="0" tag="050"><subfield code="a">PM2094</subfield><subfield code="b">.S26 1930a</subfield></datafield><datafield ind1=" " ind2=" " tag="094"><subfield code="a">pao00</subfield><subfield code="2">ROPAL</subfield></datafield><datafield ind1="1" ind2=" " tag="100"><subfield code="a">Sapir, Edward,</subfield><subfield code="d">1884-1939.</subfield></datafield><datafield ind1="1" ind2="4" tag="245"><subfield code="a">The Southern Paiute language /</subfield><subfield code="c">by Edward Sapir.</subfield></datafield><datafield ind1=" " ind2=" " tag="260"><subfield code="c">1930.</subfield></datafield><datafield ind1=" " ind2=" " tag="300"><subfield code="a">730 p. :</subfield><subfield code="b">ill. ;</subfield><subfield code="c">24 cm.</subfield></datafield><datafield ind1=" " ind2=" " tag="500"><subfield code="a">vol. 65 of the Proceedings of the American Academy of Arts and Sciences, 1930.</subfield></datafield><datafield ind1=" " ind2="0" tag="650"><subfield code="a">Southern Paiute language.</subfield></datafield><datafield ind1=" " ind2="0" tag="650"><subfield code="a">Ute language.</subfield></datafield><datafield ind1=" " ind2="0" tag="650"><subfield code="a">Northern Paiute language.</subfield></datafield><datafield ind1="0" ind2="1" tag="730"><subfield code="a">Proceedings (American Academy of Arts and Sciences)</subfield></datafield><datafield ind1="0" ind2="1" tag="740"><subfield code="a">Southern Paiute, language, texts, dictionary.</subfield></datafield><datafield ind1=" " ind2=" " tag="035"><subfield code="a">(TxDaGIAL)37741100016367</subfield></datafield><controlfield tag="005">20080624161447.0</controlfield><controlfield tag="001">8298</controlfield><controlfield tag="003">TxDaGIAL</controlfield><datafield ind1=" " ind2=" " tag="852"><subfield code="p">37741100016367</subfield><subfield code="a">Library</subfield><subfield code="x">COPYID:9783</subfield><subfield code="x">FSC@aRegular@c19970328</subfield><subfield code="h">497.45 S241s 1930</subfield><subfield code="z">1389</subfield></datafield></record>