
<record><leader>01728cam a2200361 a 4500</leader><controlfield tag="008">840508s1984    txu           00000 eng  </controlfield><datafield ind1=" " ind2=" " tag="010"><subfield code="a">   84051054 //r90</subfield></datafield><datafield ind1=" " ind2=" " tag="020"><subfield code="a">0883120984 (pbk.)</subfield></datafield><datafield ind1=" " ind2=" " tag="040"><subfield code="a">DLC</subfield><subfield code="c">DLC</subfield><subfield code="d">DLC</subfield></datafield><datafield ind1="0" ind2=" " tag="041"><subfield code="a">engcai</subfield></datafield><datafield ind1="0" ind2="0" tag="050"><subfield code="a">PM4479</subfield><subfield code="b">.S85 vol. 4</subfield><subfield code="a">PM4291</subfield></datafield><datafield ind1="0" ind2="0" tag="082"><subfield code="a">410 s</subfield><subfield code="a">497/.4</subfield><subfield code="2">19</subfield></datafield><datafield ind1="0" ind2="0" tag="245"><subfield code="a">Southern Uto-Aztecan grammatical sketches /</subfield><subfield code="c">[edited by] Ronald W. Langacker.</subfield></datafield><datafield ind1="0" ind2=" " tag="260"><subfield code="a">Dallas, TX :</subfield><subfield code="b">Summer Institute of Linguistics ;</subfield><subfield code="a">[Arlington, Tex.] :</subfield><subfield code="b">University of Texas at Arlington,</subfield><subfield code="c">1984.</subfield></datafield><datafield ind1=" " ind2=" " tag="300"><subfield code="a">xii, 459 p. ;</subfield><subfield code="c">23 cm.</subfield></datafield><datafield ind1=" " ind2="0" tag="440"><subfield code="a">Studies in Uto-Aztecan grammar ;</subfield><subfield code="v">v. 4</subfield></datafield><datafield ind1="1" ind2=" " tag="490"><subfield code="a">Summer Institute of Linguistics publications in linguistics ;</subfield><subfield code="v">publication no. 56, v. 4</subfield></datafield><datafield ind1=" " ind2=" " tag="500"><subfield code="a">An outgrowth of a Summer Institute of Linguistics Uto-Aztecan workshop held in Ixmiquilpan, Hidalgo, Mexico, Jan.-Apr. 1976.</subfield></datafield><datafield ind1="0" ind2=" " tag="505"><subfield code="a">Western Tarahumara / Don Burgess -- Cora / Eugene H. Casad.</subfield></datafield><datafield ind1=" " ind2="0" tag="650"><subfield code="a">Tarahumara language</subfield><subfield code="x">Grammar.</subfield></datafield><datafield ind1=" " ind2="0" tag="650"><subfield code="a">Cora language</subfield><subfield code="x">Grammar.</subfield></datafield><datafield ind1="1" ind2="0" tag="700"><subfield code="a">Langacker, Ronald W.</subfield></datafield><datafield ind1="1" ind2="2" tag="700"><subfield code="a">Burgess, Don.</subfield><subfield code="t">Western Tarahumara.</subfield><subfield code="f">1984.</subfield></datafield><datafield ind1="1" ind2="2" tag="700"><subfield code="a">Casad, Eugene H.</subfield><subfield code="t">Cora.</subfield><subfield code="f">1984.</subfield></datafield><datafield ind1="2" ind2="0" tag="710"><subfield code="a">Summer Institute of Linguistics.</subfield></datafield><datafield ind1=" " ind2="0" tag="830"><subfield code="a">Summer Institute of Linguistics publications in linguistics ;</subfield><subfield code="v">publications no. 56, v. 4.</subfield></datafield><datafield ind1=" " ind2=" " tag="035"><subfield code="a">(TxDaGIAL)37741100007093</subfield></datafield><controlfield tag="005">20080624161448.0</controlfield><controlfield tag="001">8299</controlfield><controlfield tag="003">TxDaGIAL</controlfield><datafield ind1=" " ind2=" " tag="852"><subfield code="p">37741100007093</subfield><subfield code="a">Library</subfield><subfield code="x">COPYID:9784</subfield><subfield code="x">FSC@aRegular@c19950822</subfield><subfield code="h">497.45 S933 vol.4 1984</subfield><subfield code="z">19545</subfield></datafield><datafield ind1=" " ind2=" " tag="852"><subfield code="p">37741100007094</subfield><subfield code="a">Library</subfield><subfield code="x">COPYID:9785</subfield><subfield code="x">FSC@aRegular@c19950822</subfield><subfield code="h">497.45 S933 vol.4 1984</subfield><subfield code="z">19546</subfield></datafield><datafield ind1=" " ind2=" " tag="852"><subfield code="p">37741100007095</subfield><subfield code="a">Library</subfield><subfield code="x">COPYID:9786</subfield><subfield code="x">FSC@aRegular@c19950822</subfield><subfield code="h">497.45 S933 vol.4 1984</subfield><subfield code="z">19547</subfield></datafield></record>