
<record><leader>01059cam a2200265 i 4500</leader><controlfield tag="008">751119s1975    vau      b    00110 eng  </controlfield><datafield ind1=" " ind2=" " tag="010"><subfield code="a">   75021564 //r87</subfield></datafield><datafield ind1=" " ind2=" " tag="020"><subfield code="a">0872810429</subfield></datafield><datafield ind1=" " ind2=" " tag="040"><subfield code="a">DLC</subfield><subfield code="c">DLC</subfield><subfield code="d">DLC</subfield></datafield><datafield ind1=" " ind2=" " tag="043"><subfield code="a">n-us---</subfield></datafield><datafield ind1="0" ind2=" " tag="050"><subfield code="a">Z2695.D5</subfield><subfield code="b">T47</subfield><subfield code="a">PC4826</subfield></datafield><datafield ind1=" " ind2=" " tag="082"><subfield code="a">016.467/9/73</subfield></datafield><datafield ind1="1" ind2="0" tag="100"><subfield code="a">Teschner, Richard V.</subfield></datafield><datafield ind1="1" ind2="0" tag="245"><subfield code="a">Spanish and English of United States Hispanos :</subfield><subfield code="b">a critical, annotated, linguistic bibliography /</subfield><subfield code="c">Richard V. Teschner, general editor ; Garland D. Bills and Jerry R. Craddock, associate editors.</subfield></datafield><datafield ind1="0" ind2=" " tag="260"><subfield code="a">Arlington, Va. :</subfield><subfield code="b">Center for Applied Linguistics,</subfield><subfield code="c">c1975.</subfield></datafield><datafield ind1=" " ind2=" " tag="300"><subfield code="a">xxii, 352 p. ;</subfield><subfield code="c">23 cm.</subfield></datafield><datafield ind1=" " ind2=" " tag="500"><subfield code="a">Includes index.</subfield></datafield><datafield ind1=" " ind2="0" tag="650"><subfield code="a">Spanish language</subfield><subfield code="x">Dialects</subfield><subfield code="z">United States</subfield><subfield code="v">Bibliography.</subfield></datafield><datafield ind1="1" ind2="0" tag="700"><subfield code="a">Bills, Garland D.,</subfield><subfield code="e">joint author.</subfield></datafield><datafield ind1="1" ind2="0" tag="700"><subfield code="a">Craddock, Jerry R.</subfield><subfield code="q">(Jerry Russell)</subfield></datafield><datafield ind1=" " ind2=" " tag="035"><subfield code="a">(TxDaGIAL)37741100003288</subfield></datafield><controlfield tag="005">20080624161451.0</controlfield><controlfield tag="001">8309</controlfield><controlfield tag="003">TxDaGIAL</controlfield><datafield ind1=" " ind2=" " tag="852"><subfield code="p">37741100003288</subfield><subfield code="a">Library</subfield><subfield code="x">COPYID:9796</subfield><subfield code="x">FSC@aRegular@c19950406</subfield><subfield code="h">016.467973 T337s 1975</subfield><subfield code="z">orig. acc. no. 1670</subfield></datafield></record>