
<record><leader>01065pam a2200289 a 4500</leader><controlfield tag="008">870428s1988    dcua     b    00110 eng  </controlfield><datafield ind1=" " ind2=" " tag="010"><subfield code="a">   87012005</subfield></datafield><datafield ind1=" " ind2=" " tag="020"><subfield code="a">087840094X</subfield></datafield><datafield ind1=" " ind2=" " tag="040"><subfield code="a">DLC</subfield><subfield code="c">DLC</subfield></datafield><datafield ind1=" " ind2=" " tag="043"><subfield code="a">cl-----</subfield></datafield><datafield ind1="0" ind2=" " tag="050"><subfield code="a">PC4821</subfield><subfield code="b">.C68 1988</subfield></datafield><datafield ind1="0" ind2=" " tag="082"><subfield code="a">467/.98</subfield><subfield code="2">19</subfield></datafield><datafield ind1="1" ind2="0" tag="100"><subfield code="a">Cotton, Eleanor Greet.</subfield></datafield><datafield ind1="1" ind2="0" tag="245"><subfield code="a">Spanish in the Americas /</subfield><subfield code="c">Eleanor Greet Cotton, John M. Sharp.</subfield></datafield><datafield ind1="0" ind2=" " tag="260"><subfield code="a">Washington, D.C. :</subfield><subfield code="b">Georgetown University Press,</subfield><subfield code="c">c1988.</subfield></datafield><datafield ind1=" " ind2=" " tag="300"><subfield code="a">xx, 378 p. :</subfield><subfield code="b">ill. ;</subfield><subfield code="c">24 cm. +</subfield><subfield code="e">2 cassette tapes.</subfield></datafield><datafield ind1=" " ind2="0" tag="440"><subfield code="a">Romance languages and linguistics series</subfield></datafield><datafield ind1=" " ind2=" " tag="504"><subfield code="a">Bibliography: p. 360-368.</subfield></datafield><datafield ind1=" " ind2=" " tag="500"><subfield code="a">Includes index.</subfield></datafield><datafield ind1=" " ind2="0" tag="650"><subfield code="a">Spanish language</subfield><subfield code="x">Dialects</subfield><subfield code="z">Latin America.</subfield></datafield><datafield ind1="1" ind2="0" tag="700"><subfield code="a">Sharp, John M.</subfield></datafield><datafield ind1=" " ind2=" " tag="035"><subfield code="a">(TxDaGIAL)37741100003977</subfield></datafield><controlfield tag="005">20080624161451.0</controlfield><controlfield tag="001">8311</controlfield><controlfield tag="003">TxDaGIAL</controlfield><datafield ind1=" " ind2=" " tag="852"><subfield code="p">37741100003977</subfield><subfield code="a">Library</subfield><subfield code="9">$39.95</subfield><subfield code="x">COPYID:9798</subfield><subfield code="x">FSC@aRegular@c19950505</subfield><subfield code="h">467.98 C851s 1988</subfield><subfield code="z">B/T 9-90</subfield></datafield><datafield ind1=" " ind2=" " tag="852"><subfield code="p">37741100020244</subfield><subfield code="a">Library</subfield><subfield code="9">$0.00</subfield><subfield code="x">COPYID:9799</subfield><subfield code="x">FSC@aRegular@c19981027</subfield><subfield code="h">467.98 C851s 1988 Tapes</subfield><subfield code="z">B/T 9-90</subfield></datafield></record>