
<record><leader>00851cam a2200253   4500</leader><controlfield tag="008">700224s1969    maua     b    00110 eng  </controlfield><datafield ind1=" " ind2=" " tag="010"><subfield code="a">   69014405 //r84</subfield></datafield><datafield ind1=" " ind2=" " tag="020"><subfield code="a">026208032X</subfield></datafield><datafield ind1=" " ind2=" " tag="040"><subfield code="a">DLC</subfield><subfield code="c">DLC</subfield><subfield code="d">TxDaGIAL</subfield></datafield><datafield ind1="0" ind2=" " tag="050"><subfield code="a">PC4131</subfield><subfield code="b">.H3</subfield></datafield><datafield ind1=" " ind2=" " tag="082"><subfield code="a">461/.5</subfield></datafield><datafield ind1="1" ind2="0" tag="100"><subfield code="a">Harris, James W.</subfield><subfield code="q">(James Wesley)</subfield></datafield><datafield ind1="1" ind2="0" tag="245"><subfield code="a">Spanish phonology /</subfield><subfield code="c">[by] James W. Harris.</subfield></datafield><datafield ind1="0" ind2=" " tag="260"><subfield code="a">Cambridge, Mass. :</subfield><subfield code="b">M.I.T. Press,</subfield><subfield code="c">[1969]</subfield></datafield><datafield ind1=" " ind2=" " tag="300"><subfield code="a">xiii, 218 p. :</subfield><subfield code="b">illus. ;</subfield><subfield code="c">24 cm.</subfield></datafield><datafield ind1="0" ind2=" " tag="490"><subfield code="a">The M.I.T. Press research monograph no. 54</subfield></datafield><datafield ind1=" " ind2=" " tag="504"><subfield code="a">Bibliography: p. 207-211.</subfield></datafield><datafield ind1=" " ind2="0" tag="650"><subfield code="a">Spanish language</subfield><subfield code="x">Phonology.</subfield></datafield><datafield ind1=" " ind2="0" tag="650"><subfield code="a">Spanish language</subfield><subfield code="x">Grammar, Generative.</subfield></datafield><datafield ind1=" " ind2=" " tag="035"><subfield code="a">(TxDaGIAL)37741100007023</subfield></datafield><controlfield tag="005">20080624161451.0</controlfield><controlfield tag="001">8312</controlfield><controlfield tag="003">TxDaGIAL</controlfield><datafield ind1=" " ind2=" " tag="852"><subfield code="p">37741100007023</subfield><subfield code="a">Library</subfield><subfield code="x">COPYID:9800</subfield><subfield code="x">FSC@aRegular@c19950818</subfield><subfield code="h">461.5 H314s 1969</subfield><subfield code="z">5196</subfield></datafield></record>