
<record><leader>00938 am a2200241 a 4500</leader><controlfield tag="008">920723s1992    inua     b    000 0 eng d</controlfield><datafield ind1=" " ind2=" " tag="035"><subfield code="a">(CU-UC)dlaisn9042598</subfield></datafield><datafield ind1=" " ind2=" " tag="040"><subfield code="a">EUE</subfield><subfield code="c">EUE</subfield><subfield code="d">IQU</subfield><subfield code="d">CUZ</subfield></datafield><datafield ind1="1" ind2=" " tag="100"><subfield code="a">Harris, James W.</subfield><subfield code="q">(James Wesley)</subfield></datafield><datafield ind1="1" ind2="0" tag="245"><subfield code="a">Spanish stress :</subfield><subfield code="b">the extrametricality issue /</subfield><subfield code="c">James W. Harris.</subfield></datafield><datafield ind1=" " ind2=" " tag="260"><subfield code="a">Bloomington, Ind. :</subfield><subfield code="b">Distributed by Indiana University Linguistics Club,</subfield><subfield code="c">1992.</subfield></datafield><datafield ind1=" " ind2=" " tag="300"><subfield code="a">i, 53 p. :</subfield><subfield code="b">ill. ;</subfield><subfield code="c">28 cm.</subfield></datafield><datafield ind1=" " ind2=" " tag="504"><subfield code="a">Includes bibliographical references (p. 52-53).</subfield></datafield><datafield ind1=" " ind2=" " tag="546"><subfield code="a">English.</subfield></datafield><datafield ind1=" " ind2="0" tag="650"><subfield code="a">Spanish language</subfield><subfield code="x">Accents and accentuation.</subfield></datafield><datafield ind1=" " ind2="0" tag="650"><subfield code="a">Spanish language</subfield><subfield code="x">Metrics and rhythmics.</subfield></datafield><datafield ind1=" " ind2="0" tag="650"><subfield code="a">Metrical phonology.</subfield></datafield><datafield ind1="2" ind2="0" tag="710"><subfield code="a">Indiana University Linguistics Club.</subfield></datafield><datafield ind1=" " ind2=" " tag="035"><subfield code="a">(TxDaGIAL)37741100014296</subfield></datafield><controlfield tag="005">20080624161451.0</controlfield><controlfield tag="001">8314</controlfield><controlfield tag="003">TxDaGIAL</controlfield><datafield ind1=" " ind2=" " tag="852"><subfield code="p">37741100014296</subfield><subfield code="a">Library</subfield><subfield code="9">$6.00</subfield><subfield code="x">COPYID:9802</subfield><subfield code="x">FSC@aRegular@c19961217</subfield><subfield code="h">461.6 H314s 1992</subfield><subfield code="z">Direct 7-92</subfield></datafield></record>