
<record><leader>00817nam a2200217 a 4500</leader><controlfield tag="008">711129s1960    cau           000 0 eng  </controlfield><datafield ind1=" " ind2=" " tag="035"><subfield code="a">(CU-UC)1090326</subfield></datafield><datafield ind1="1" ind2=" " tag="100"><subfield code="a">Kroeber, A. L.</subfield><subfield code="q">(Alfred Louis),</subfield><subfield code="d">1876-1960.</subfield></datafield><datafield ind1="1" ind2="4" tag="245"><subfield code="a">The Sparkman grammar of Luiseno /</subfield><subfield code="c">by A. L. Kroeber and George William Grace.</subfield></datafield><datafield ind1=" " ind2=" " tag="260"><subfield code="a">Berkeley :</subfield><subfield code="b">University of California Press,</subfield><subfield code="c">1960.</subfield></datafield><datafield ind1=" " ind2=" " tag="300"><subfield code="a">ix, 257 p. :</subfield><subfield code="b">port. ;</subfield><subfield code="c">26cm.</subfield></datafield><datafield ind1="0" ind2=" " tag="490"><subfield code="a">University of California publications in linguistics, v. 16</subfield></datafield><datafield ind1=" " ind2=" " tag="500"><subfield code="a">Bibliography: p. 255-257.</subfield></datafield><datafield ind1=" " ind2=" " tag="546"><subfield code="a">English.</subfield></datafield><datafield ind1=" " ind2="0" tag="650"><subfield code="a">Luise&#241;o language</subfield><subfield code="x">Grammar.</subfield></datafield><datafield ind1="1" ind2="0" tag="700"><subfield code="a">Grace, George William,</subfield><subfield code="d">1921-</subfield></datafield><datafield ind1=" " ind2=" " tag="035"><subfield code="a">(TxDaGIAL)37741100016351</subfield></datafield><controlfield tag="005">20080624161451.0</controlfield><controlfield tag="001">8315</controlfield><controlfield tag="003">TxDaGIAL</controlfield><datafield ind1=" " ind2=" " tag="852"><subfield code="p">37741100016351</subfield><subfield code="a">Library</subfield><subfield code="x">COPYID:9803</subfield><subfield code="x">FSC@aRegular@c19970328</subfield><subfield code="h">497.4 K93t 1960</subfield><subfield code="z">2021</subfield></datafield></record>