
<record><leader>00830cam a2200253 i 4500</leader><controlfield tag="008">750807s1976    nyua          00010 eng  </controlfield><datafield ind1=" " ind2=" " tag="010"><subfield code="a">   75026629 //r882</subfield></datafield><datafield ind1=" " ind2=" " tag="015"><subfield code="a">0879504013</subfield></datafield><datafield ind1=" " ind2=" " tag="040"><subfield code="a">DLC</subfield><subfield code="c">DLC</subfield></datafield><datafield ind1="0" ind2=" " tag="041"><subfield code="a">enghau</subfield></datafield><datafield ind1="0" ind2=" " tag="050"><subfield code="a">PL8232</subfield><subfield code="b">.C6</subfield></datafield><datafield ind1=" " ind2=" " tag="082"><subfield code="a">493/.72/821</subfield></datafield><datafield ind1="1" ind2="0" tag="100"><subfield code="a">Cowan, J. Ronayne.</subfield></datafield><datafield ind1="1" ind2="0" tag="245"><subfield code="a">Spoken Hausa /</subfield><subfield code="c">J. Ronayne Cowan, Russell G. Schuh.</subfield></datafield><datafield ind1="0" ind2=" " tag="260"><subfield code="a">Ithaca, N.Y. :</subfield><subfield code="b">Spoken Language Services,</subfield><subfield code="c">c1976.</subfield></datafield><datafield ind1=" " ind2=" " tag="300"><subfield code="a">378 p. :</subfield><subfield code="b">ill. ;</subfield><subfield code="c">23 cm.</subfield></datafield><datafield ind1=" " ind2="0" tag="440"><subfield code="a">Spoken language series</subfield></datafield><datafield ind1=" " ind2="0" tag="650"><subfield code="a">Hausa language</subfield><subfield code="v">Textbooks for foreign speakers</subfield><subfield code="x">English.</subfield></datafield><datafield ind1="1" ind2="0" tag="700"><subfield code="a">Schuh, Russell G.,</subfield><subfield code="e">joint author.</subfield></datafield><datafield ind1=" " ind2=" " tag="035"><subfield code="a">(TxDaGIAL)37741100007600</subfield></datafield><controlfield tag="005">20080624161459.0</controlfield><controlfield tag="001">8357</controlfield><controlfield tag="003">TxDaGIAL</controlfield><datafield ind1=" " ind2=" " tag="852"><subfield code="p">37741100007600</subfield><subfield code="a">Library</subfield><subfield code="x">COPYID:9847</subfield><subfield code="x">FSC@aRegular@c19950906</subfield><subfield code="h">493.72821 C874s 1976</subfield><subfield code="z">1770</subfield></datafield></record>