
<record><leader>01049nam a2200241Ii 4500</leader><controlfield tag="008">820602m19561958dcu           00010 eng d</controlfield><datafield ind1=" " ind2=" " tag="035"><subfield code="a">(CU-UC)dlaisn5096842</subfield></datafield><datafield ind1=" " ind2=" " tag="040"><subfield code="a">TMN</subfield><subfield code="c">TMN</subfield><subfield code="d">CLU</subfield></datafield><datafield ind1="1" ind2="0" tag="100"><subfield code="a">Roffe, G. Edward</subfield><subfield code="q">(George Edward),</subfield><subfield code="d">1905-</subfield></datafield><datafield ind1="1" ind2="0" tag="245"><subfield code="a">Spoken Lao /</subfield><subfield code="c">[by] G. Edward Roffe and Thelma W. Roffe.</subfield></datafield><datafield ind1="0" ind2=" " tag="260"><subfield code="a">Washington :</subfield><subfield code="b">American Council of Learned Societies,</subfield><subfield code="c">1956-1958.</subfield></datafield><datafield ind1=" " ind2=" " tag="300"><subfield code="a">2 v.</subfield></datafield><datafield ind1="1" ind2=" " tag="490"><subfield code="a">American Council of Learned Societies. Program in Oriental Languages Publications. Series B: Aids ;</subfield><subfield code="v">7</subfield></datafield><datafield ind1=" " ind2=" " tag="546"><subfield code="a">English.</subfield></datafield><datafield ind1=" " ind2="0" tag="650"><subfield code="a">Lao language</subfield><subfield code="x">Spoken Lao.</subfield></datafield><datafield ind1="1" ind2="0" tag="700"><subfield code="a">Roffe, Thelma W.</subfield></datafield><datafield ind1=" " ind2="0" tag="830"><subfield code="a">Publications (American Council of Learned Societies. Program in Oriental Languages).</subfield><subfield code="n">Series B,</subfield><subfield code="p">Aids ;</subfield><subfield code="v">7.</subfield></datafield><datafield ind1=" " ind2=" " tag="035"><subfield code="a">(TxDaGIAL)37741100014908</subfield></datafield><controlfield tag="005">20080624161459.0</controlfield><controlfield tag="001">8358</controlfield><controlfield tag="003">TxDaGIAL</controlfield><datafield ind1=" " ind2=" " tag="852"><subfield code="p">37741100014908</subfield><subfield code="a">Library</subfield><subfield code="x">COPYID:9848</subfield><subfield code="x">FSC@aRegular@c19970203</subfield><subfield code="h">495.9191 R719s vol.1 1956</subfield><subfield code="z">1839</subfield></datafield><datafield ind1=" " ind2=" " tag="852"><subfield code="p">37741100014909</subfield><subfield code="a">Library</subfield><subfield code="x">COPYID:9849</subfield><subfield code="x">FSC@aRegular@c19970203</subfield><subfield code="h">495.9191 R719s vol.2 1958</subfield><subfield code="z">1898</subfield></datafield></record>