
<record><leader>00718cam a22002171i 4500</leader><controlfield tag="008">940913s1945    nyu           000 0 eng  </controlfield><datafield ind1=" " ind2=" " tag="040"><subfield code="a">TxDaGIAL</subfield><subfield code="c">TxDaGIAL</subfield></datafield><datafield ind1="1" ind2=" " tag="041"><subfield code="a">engtha</subfield></datafield><datafield ind1="0" ind2="0" tag="050"><subfield code="a">PL4163</subfield><subfield code="b">.H3166 1967</subfield></datafield><datafield ind1="0" ind2="4" tag="082"><subfield code="a">495.9/1/82421</subfield><subfield code="2">20</subfield></datafield><datafield ind1="1" ind2=" " tag="100"><subfield code="a">Haas, Mary R.</subfield><subfield code="q">(Mary Rosamond),</subfield><subfield code="d">1910-</subfield></datafield><datafield ind1="1" ind2="0" tag="245"><subfield code="a">Spoken Thai /</subfield><subfield code="c">by Mary R. Haas and Heng R. Subhanka.</subfield></datafield><datafield ind1=" " ind2=" " tag="260"><subfield code="a">[New York] :</subfield><subfield code="b">Holt,</subfield><subfield code="c">c1945.</subfield></datafield><datafield ind1=" " ind2=" " tag="300"><subfield code="a">2 v. &lt;1-  &gt; ;</subfield><subfield code="c">14 X 21 cm.</subfield></datafield><datafield ind1=" " ind2="0" tag="650"><subfield code="a">Thai language</subfield><subfield code="x">Spoken Thai.</subfield></datafield><datafield ind1="1" ind2="0" tag="700"><subfield code="a">Subhanka, Heng R.</subfield></datafield><datafield ind1=" " ind2=" " tag="035"><subfield code="a">(TxDaGIAL)37741100000465</subfield></datafield><controlfield tag="005">20080624161459.0</controlfield><controlfield tag="001">8359</controlfield><controlfield tag="003">TxDaGIAL</controlfield><datafield ind1=" " ind2=" " tag="852"><subfield code="p">37741100000465</subfield><subfield code="a">Library</subfield><subfield code="x">COPYID:9850</subfield><subfield code="x">FSC@aRegular@c19941231</subfield><subfield code="h">495.91 H112s vol.1 1945</subfield><subfield code="z">DIR-Cellar</subfield></datafield></record>