
<record><leader>00987cam a22002651a 4500</leader><controlfield tag="008">940913s1978    nyu           000 0 eng  </controlfield><datafield ind1=" " ind2=" " tag="010"><subfield code="z">   74166349</subfield></datafield><datafield ind1=" " ind2=" " tag="020"><subfield code="a">0879502290 (book 1)</subfield></datafield><datafield ind1=" " ind2=" " tag="020"><subfield code="a">0879502304 (book 2)</subfield></datafield><datafield ind1=" " ind2=" " tag="040"><subfield code="a">DLC</subfield><subfield code="c">TxDaGIAL</subfield></datafield><datafield ind1="1" ind2=" " tag="041"><subfield code="a">engtha</subfield></datafield><datafield ind1="0" ind2="0" tag="050"><subfield code="a">PL4163</subfield><subfield code="b">.H3166</subfield></datafield><datafield ind1="0" ind2="4" tag="082"><subfield code="a">495.9/1/82421</subfield><subfield code="2">20</subfield></datafield><datafield ind1="1" ind2=" " tag="100"><subfield code="a">Haas, Mary R.</subfield><subfield code="q">(Mary Rosamond),</subfield><subfield code="d">1910-</subfield></datafield><datafield ind1="1" ind2="0" tag="245"><subfield code="a">Spoken Thai /</subfield><subfield code="c">by Mary R. Hass [i.e. Haas] and Heng R. Subhanka.</subfield></datafield><datafield ind1=" " ind2=" " tag="260"><subfield code="a">Ithaca, N.Y. :</subfield><subfield code="b">Spoken Language Services,</subfield><subfield code="c">c1978.</subfield></datafield><datafield ind1=" " ind2=" " tag="300"><subfield code="a">2 v. ;</subfield><subfield code="c">14 X 21 cm.</subfield></datafield><datafield ind1=" " ind2="0" tag="650"><subfield code="a">Thai language</subfield><subfield code="x">Spoken Thai.</subfield></datafield><datafield ind1="1" ind2="0" tag="700"><subfield code="a">Subhanka, Heng R.</subfield></datafield><datafield ind1=" " ind2=" " tag="035"><subfield code="a">(TxDaGIAL)37741100000385</subfield></datafield><controlfield tag="005">20080624161500.0</controlfield><controlfield tag="001">8360</controlfield><controlfield tag="003">TxDaGIAL</controlfield><datafield ind1=" " ind2=" " tag="852"><subfield code="p">37741100000385</subfield><subfield code="a">Library</subfield><subfield code="9">$17.50</subfield><subfield code="x">COPYID:9851</subfield><subfield code="x">FSC@aRegular@c19940830</subfield><subfield code="h">495.91 H112s vol.1 1978</subfield><subfield code="z">DIR-Cellar $17.50 set</subfield></datafield><datafield ind1=" " ind2=" " tag="852"><subfield code="p">37741100000386</subfield><subfield code="a">Library</subfield><subfield code="9">$17.50</subfield><subfield code="x">COPYID:9852</subfield><subfield code="x">FSC@aRegular@c19940830</subfield><subfield code="h">495.91 H112s vol.2 1978</subfield><subfield code="z">DIR-Cellar $17.50 set</subfield></datafield></record>