
<record><leader>01281nam a2200301Ia 4500</leader><controlfield tag="008">950126s1994    iluab        s000 0 eng d</controlfield><datafield ind1=" " ind2=" " tag="020"><subfield code="a">1877979457</subfield></datafield><datafield ind1=" " ind2=" " tag="035"><subfield code="a">(CU-UC)10141342</subfield></datafield><datafield ind1=" " ind2=" " tag="040"><subfield code="a">JNA</subfield><subfield code="c">JNA</subfield><subfield code="d">CUY</subfield></datafield><datafield ind1=" " ind2=" " tag="043"><subfield code="a">a-vt---</subfield></datafield><datafield ind1="1" ind2=" " tag="100"><subfield code="a">Nguy&#771;&#234;n, Long.</subfield></datafield><datafield ind1="1" ind2="0" tag="245"><subfield code="a">Spoken Vietnamese for beginners /</subfield><subfield code="c">Nguyen Long, Marybeth Clark, Nguyen Bich Thuan.</subfield></datafield><datafield ind1=" " ind2=" " tag="260"><subfield code="a">[DeKalb] :</subfield><subfield code="b">Northern Illinois University, Center for Southeast Asian Studies,</subfield><subfield code="c">c1994.</subfield></datafield><datafield ind1=" " ind2=" " tag="300"><subfield code="a">viii, 401 p. :</subfield><subfield code="b">ill., map ;</subfield><subfield code="c">28 cm. +</subfield><subfield code="e">3 sound cassettes.</subfield></datafield><datafield ind1="1" ind2=" " tag="490"><subfield code="a">Southeast Asian language text series</subfield></datafield><datafield ind1=" " ind2=" " tag="546"><subfield code="a">English.</subfield></datafield><datafield ind1=" " ind2="0" tag="650"><subfield code="a">Vietnamese language</subfield><subfield code="x">Spoken Vietnamese.</subfield></datafield><datafield ind1=" " ind2="0" tag="650"><subfield code="a">Vietnamese language</subfield><subfield code="v">Conversation and phrase books.</subfield></datafield><datafield ind1="1" ind2=" " tag="700"><subfield code="a">Clark, Marybeth.</subfield></datafield><datafield ind1="1" ind2=" " tag="700"><subfield code="a">Nguyen, Bich Thuan.</subfield></datafield><datafield ind1="2" ind2=" " tag="710"><subfield code="a">Northern Illinois University.</subfield><subfield code="b">Center for Southeast Asian Studies.</subfield></datafield><datafield ind1=" " ind2="0" tag="830"><subfield code="a">Southeast Asian language text series.</subfield></datafield><datafield ind1=" " ind2=" " tag="035"><subfield code="a">(TxDaGIAL)37741100021090</subfield></datafield><controlfield tag="005">20080624161500.0</controlfield><controlfield tag="001">8361</controlfield><controlfield tag="003">TxDaGIAL</controlfield><datafield ind1=" " ind2=" " tag="852"><subfield code="p">37741100021090</subfield><subfield code="a">Library</subfield><subfield code="9">$34.00</subfield><subfield code="x">FUND:Ling</subfield><subfield code="x">COPYID:9853</subfield><subfield code="x">FSC@aRegular@c19971017</subfield><subfield code="h">495.922834 N576s 1994</subfield><subfield code="z">B/T 10-97</subfield></datafield><datafield ind1=" " ind2=" " tag="852"><subfield code="p">37741100021091</subfield><subfield code="a">Library</subfield><subfield code="9">$34.00</subfield><subfield code="x">FUND:Ling</subfield><subfield code="x">COPYID:9854</subfield><subfield code="x">FSC@aRegular@c19971017</subfield><subfield code="h">495.922834 N576s 1994 TAPE</subfield><subfield code="z">B/T 10-97</subfield></datafield></record>