
<record><leader>01175cam a2200253   4500</leader><controlfield tag="008">700817s1969    ja a     d    00010 eng  </controlfield><datafield ind1=" " ind2=" " tag="010"><subfield code="a">   69017065 //r92</subfield></datafield><datafield ind1=" " ind2=" " tag="040"><subfield code="a">DLC</subfield><subfield code="c">DLC</subfield><subfield code="d">DLC</subfield></datafield><datafield ind1="0" ind2=" " tag="041"><subfield code="a">engjpn</subfield></datafield><datafield ind1="0" ind2="0" tag="050"><subfield code="a">PL681.C5</subfield><subfield code="b">V3 1969</subfield></datafield><datafield ind1="0" ind2="0" tag="082"><subfield code="a">495.6/3/2</subfield></datafield><datafield ind1="1" ind2="0" tag="100"><subfield code="a">Vaccari, Oreste.</subfield></datafield><datafield ind1="1" ind2="0" tag="245"><subfield code="a">Standard Kanji :</subfield><subfield code="b">an easy method to learn the 1900 Chinese-Japanese characters prescribed by the Ministry of Education of Japan for use in newspapers and magazines with six thousand compound character-words used in everyday literature and an additional list of ninety-two characters used in writing personal names /</subfield><subfield code="c">by Oreste Vaccari and Enko Elisa Vaccari.</subfield></datafield><datafield ind1=" " ind2=" " tag="250"><subfield code="a">Reset, rev., and enl. [9th] ed.</subfield></datafield><datafield ind1="0" ind2=" " tag="260"><subfield code="a">Tokyo :</subfield><subfield code="b">Vaccari's Language Institute,</subfield><subfield code="c">[1969]</subfield></datafield><datafield ind1=" " ind2=" " tag="300"><subfield code="a">xxix, 451 p. :</subfield><subfield code="b">illus. ;</subfield><subfield code="c">22 cm.</subfield></datafield><datafield ind1=" " ind2="0" tag="650"><subfield code="a">Chinese characters</subfield><subfield code="v">Dictionaries</subfield><subfield code="x">Japanese.</subfield></datafield><datafield ind1=" " ind2="0" tag="650"><subfield code="a">Japanese language</subfield><subfield code="v">Dictionaries</subfield><subfield code="x">English.</subfield></datafield><datafield ind1="1" ind2="0" tag="700"><subfield code="a">Vaccari, Enko Elisa,</subfield><subfield code="e">joint author.</subfield></datafield><datafield ind1=" " ind2=" " tag="035"><subfield code="a">(TxDaGIAL)37741100009352</subfield></datafield><controlfield tag="005">20080624161504.0</controlfield><controlfield tag="001">8375</controlfield><controlfield tag="003">TxDaGIAL</controlfield><datafield ind1=" " ind2=" " tag="852"><subfield code="p">37741100009352</subfield><subfield code="a">Library</subfield><subfield code="x">COPYID:9868</subfield><subfield code="x">FSC@aRegular@c19951108</subfield><subfield code="h">495.632 V114s 1969</subfield><subfield code="z">1252</subfield></datafield></record>