
<record><leader>00756cam a2200217 i 4500</leader><controlfield tag="008">760517s1950    vm       d    000 0 eng  </controlfield><datafield ind1=" " ind2=" " tag="040"><subfield code="d">TxDaGIAL</subfield></datafield><datafield ind1="0" ind2=" " tag="041"><subfield code="a">engvie</subfield></datafield><datafield ind1="0" ind2="4" tag="050"><subfield code="a">PL4376</subfield><subfield code="b">.L49 1950</subfield></datafield><datafield ind1="0" ind2="0" tag="082"><subfield code="a">423/.95922</subfield></datafield><datafield ind1="1" ind2="0" tag="100"><subfield code="a">L&#234;, B&#225; K&#244;ng.</subfield></datafield><datafield ind1="1" ind2="0" tag="245"><subfield code="a">Standard pronouncing English-Vietnamese dictionary =</subfield><subfield code="b">T&#803;&#432;-&#273;i&#769;&#234;n ti&#234;u-chu&#769;&#226;n Anh-Vi&#803;&#234;t /</subfield><subfield code="c">L&#234; B&#225; k&#244;ng.</subfield></datafield><datafield ind1="0" ind2=" " tag="260"><subfield code="a">[Vietnam] :</subfield><subfield code="b">Dien Hong,</subfield><subfield code="c">1950.</subfield></datafield><datafield ind1=" " ind2=" " tag="300"><subfield code="a">448 p. ;</subfield><subfield code="c">19 cm.</subfield></datafield><datafield ind1=" " ind2="0" tag="650"><subfield code="a">English language</subfield><subfield code="v">Dictionaries</subfield><subfield code="x">Vietnamese.</subfield></datafield><datafield ind1="0" ind2="1" tag="740"><subfield code="a">T&#803;&#432;-&#273;i&#769;&#234;n ti&#234;u-chu&#769;&#226;n Anh-Vi&#803;&#234;t.</subfield></datafield><datafield ind1=" " ind2=" " tag="035"><subfield code="a">(TxDaGIAL)37741100018125</subfield></datafield><controlfield tag="005">20080624161504.0</controlfield><controlfield tag="001">8376</controlfield><controlfield tag="003">TxDaGIAL</controlfield><datafield ind1=" " ind2=" " tag="852"><subfield code="p">37741100018125</subfield><subfield code="a">Library</subfield><subfield code="x">COPYID:9869</subfield><subfield code="x">FSC@aRegular@c19970522</subfield><subfield code="h">423.95922 L433s 1950</subfield></datafield></record>