
<record><leader>00827nam a2200217Ii 4500</leader><controlfield tag="008">791217s1979    inu      b    00010 eng d</controlfield><datafield ind1=" " ind2=" " tag="035"><subfield code="a">(CU-UC)dlaisn329577</subfield></datafield><datafield ind1=" " ind2=" " tag="040"><subfield code="a">UUM</subfield><subfield code="c">UUM</subfield><subfield code="d">CLU</subfield></datafield><datafield ind1="1" ind2="0" tag="100"><subfield code="a">Lozano, Maria del Carmen.</subfield></datafield><datafield ind1="1" ind2="0" tag="245"><subfield code="a">Stop and spirant alternations :</subfield><subfield code="b">fortition and spirantization processes in Spanish phonology /</subfield><subfield code="c">by Maria del Carmen Lozano.</subfield></datafield><datafield ind1="0" ind2=" " tag="260"><subfield code="a">Bloomington :</subfield><subfield code="b">Indiana University Linguistics Club,</subfield><subfield code="c">1979.</subfield></datafield><datafield ind1=" " ind2=" " tag="300"><subfield code="a">x, 139 p. :</subfield><subfield code="b">diagrs. ;</subfield><subfield code="c">28 cm.</subfield></datafield><datafield ind1=" " ind2=" " tag="500"><subfield code="a">0riginally presented as the author's thesis.</subfield></datafield><datafield ind1=" " ind2=" " tag="504"><subfield code="a">Bibliography: p. [135]-139.</subfield></datafield><datafield ind1=" " ind2=" " tag="546"><subfield code="a">English.</subfield></datafield><datafield ind1=" " ind2="0" tag="650"><subfield code="a">Spanish language</subfield><subfield code="x">Phonology.</subfield></datafield><datafield ind1=" " ind2=" " tag="035"><subfield code="a">(TxDaGIAL)37741100014451</subfield></datafield><controlfield tag="005">20080624161511.0</controlfield><controlfield tag="001">8409</controlfield><controlfield tag="003">TxDaGIAL</controlfield><datafield ind1=" " ind2=" " tag="852"><subfield code="p">37741100014451</subfield><subfield code="a">Library</subfield><subfield code="x">COPYID:9906</subfield><subfield code="x">FSC@aRegular@c19970114</subfield><subfield code="h">461.5 L925s 1979</subfield></datafield></record>