
<record><leader>00991nam a2200265 a 4500</leader><controlfield tag="008">970624 1978    txu             0 0 eng  </controlfield><datafield ind1=" " ind2=" " tag="035"><subfield code="a">(CU-UC)3782411</subfield></datafield><datafield ind1=" " ind2=" " tag="040"><subfield code="d">TxDaGIAL</subfield></datafield><datafield ind1="1" ind2="0" tag="100"><subfield code="a">Woods, Frances.</subfield></datafield><datafield ind1="1" ind2="0" tag="245"><subfield code="a">Stratificational analysis /</subfield><subfield code="c">by Fran Woods, Heidi Bowman.</subfield></datafield><datafield ind1="0" ind2=" " tag="260"><subfield code="a">Dallas :</subfield><subfield code="b">Summer Institute of Linguistics,</subfield><subfield code="c">1978.</subfield></datafield><datafield ind1=" " ind2=" " tag="300"><subfield code="a">97 p. ;</subfield><subfield code="c">29 cm.</subfield></datafield><datafield ind1=" " ind2="0" tag="440"><subfield code="a">Research papers of the Texas SIL at Dallas ;</subfield><subfield code="v">4</subfield></datafield><datafield ind1="0" ind2=" " tag="505"><subfield code="a">I. Some stratified realisations in Halbi / Fran Woods -- II. A stratificational analysis of Hausa / Heidi Bowman.</subfield></datafield><datafield ind1=" " ind2=" " tag="546"><subfield code="a">English.</subfield></datafield><datafield ind1=" " ind2="0" tag="650"><subfield code="a">Halbi language.</subfield></datafield><datafield ind1=" " ind2="0" tag="650"><subfield code="a">Hausa language.</subfield></datafield><datafield ind1=" " ind2="0" tag="650"><subfield code="a">Stratificational grammar.</subfield></datafield><datafield ind1="1" ind2="0" tag="700"><subfield code="a">Bowman, Heidi.</subfield></datafield><datafield ind1=" " ind2=" " tag="035"><subfield code="a">(TxDaGIAL)37741100018666</subfield></datafield><controlfield tag="005">20080624161517.0</controlfield><controlfield tag="001">8437</controlfield><controlfield tag="003">TxDaGIAL</controlfield><datafield ind1=" " ind2=" " tag="852"><subfield code="p">37741100018666</subfield><subfield code="a">Library</subfield><subfield code="x">COPYID:9937</subfield><subfield code="x">FSC@aRegular@c19970627</subfield><subfield code="h">404 R432 4 1978</subfield></datafield><datafield ind1=" " ind2=" " tag="852"><subfield code="p">37741100018667</subfield><subfield code="a">Library</subfield><subfield code="x">COPYID:9938</subfield><subfield code="x">FSC@aRegular@c19970627</subfield><subfield code="h">404 R432 4 1978</subfield></datafield></record>