
<record><leader>00808nam a2200205 a 4500</leader><controlfield tag="008">970328s1985    txu           000 0 eng d</controlfield><datafield ind1=" " ind2=" " tag="040"><subfield code="a">TxDaGIAL</subfield><subfield code="c">TxDaGIAL</subfield></datafield><datafield ind1="1" ind2=" " tag="100"><subfield code="a">Hart, David Rogers.</subfield></datafield><datafield ind1="1" ind2="0" tag="245"><subfield code="a">Stratificational analysis of a Quiche procedural text /</subfield><subfield code="c">by David Rogers Hart.</subfield></datafield><datafield ind1=" " ind2=" " tag="260"><subfield code="c">1985.</subfield></datafield><datafield ind1=" " ind2=" " tag="300"><subfield code="a">[v], 101 leaves ;</subfield><subfield code="c">29 cm.</subfield></datafield><datafield ind1=" " ind2=" " tag="502"><subfield code="a">Thesis (M.A.)--University of Texas at Arlington, 1985.</subfield></datafield><datafield ind1=" " ind2=" " tag="504"><subfield code="a">Includes bibliographical references (leaf 60).</subfield></datafield><datafield ind1=" " ind2="0" tag="650"><subfield code="a">Quich&#233; language</subfield><subfield code="x">Linguistic analysis (Linguistics)</subfield></datafield><datafield ind1="2" ind2="0" tag="610"><subfield code="a">University of Texas at Arlington.</subfield><subfield code="b">Graduate School</subfield><subfield code="x">Dissertations.</subfield></datafield><datafield ind1=" " ind2=" " tag="035"><subfield code="a">(TxDaGIAL)37741100016314</subfield></datafield><controlfield tag="005">20080624161518.0</controlfield><controlfield tag="001">8438</controlfield><controlfield tag="003">TxDaGIAL</controlfield><datafield ind1=" " ind2=" " tag="852"><subfield code="p">37741100016314</subfield><subfield code="a">Library</subfield><subfield code="x">COPYID:9939</subfield><subfield code="x">FSC@aRegular@c19970324</subfield><subfield code="h">497.41513 H326s 1985</subfield><subfield code="z">11538</subfield></datafield></record>