
<record><leader>00970nam a2200241 a 4500</leader><controlfield tag="008">900103s1989    inua     b    00010 eng  </controlfield><datafield ind1=" " ind2=" " tag="010"><subfield code="a">   90100720</subfield></datafield><datafield ind1=" " ind2=" " tag="040"><subfield code="a">DLC</subfield><subfield code="c">DLC</subfield></datafield><datafield ind1="0" ind2="0" tag="050"><subfield code="a">PB2132</subfield><subfield code="b">.W55 1989</subfield></datafield><datafield ind1="0" ind2="0" tag="082"><subfield code="a">491.6/616</subfield><subfield code="2">20</subfield></datafield><datafield ind1="1" ind2="0" tag="100"><subfield code="a">Williams, Briony J.</subfield><subfield code="q">(Briony Jane)</subfield></datafield><datafield ind1="1" ind2="0" tag="245"><subfield code="a">Stress in modern Welsh /</subfield><subfield code="c">by Briony J. Williams.</subfield></datafield><datafield ind1="0" ind2=" " tag="260"><subfield code="a">Bloomington, Ind. (720 E. Atwater, Bloomington 47401-3634) :</subfield><subfield code="b">Reproduced by Indiana University Linguistics Club Publications,</subfield><subfield code="c">c1989.</subfield></datafield><datafield ind1=" " ind2=" " tag="300"><subfield code="a">vii, 239 p. :</subfield><subfield code="b">ill. ;</subfield><subfield code="c">28 cm.</subfield></datafield><datafield ind1=" " ind2=" " tag="500"><subfield code="a">Revision of the author's thesis (Ph.D.)--Cambridge University, 1983.</subfield></datafield><datafield ind1=" " ind2=" " tag="500"><subfield code="a">"July 1989."</subfield></datafield><datafield ind1=" " ind2=" " tag="504"><subfield code="a">Includes bibliographical references (p. 234-239).</subfield></datafield><datafield ind1=" " ind2="0" tag="650"><subfield code="a">Welsh language</subfield><subfield code="x">Accents and accentuation.</subfield></datafield><datafield ind1=" " ind2=" " tag="035"><subfield code="a">(TxDaGIAL)37741100007044</subfield></datafield><controlfield tag="005">20080624161520.0</controlfield><controlfield tag="001">8447</controlfield><controlfield tag="003">TxDaGIAL</controlfield><datafield ind1=" " ind2=" " tag="852"><subfield code="p">37741100007044</subfield><subfield code="a">Library</subfield><subfield code="9">$16.80</subfield><subfield code="x">COPYID:9950</subfield><subfield code="x">FSC@aRegular@c19950822</subfield><subfield code="h">491.6616 W721s 1989</subfield><subfield code="z">Dir 9-89</subfield></datafield></record>