
<record><leader>00979ntm a2200265 i 4500</leader><controlfield tag="008">971002q1965    xx            000 0 eng d</controlfield><datafield ind1=" " ind2=" " tag="040"><subfield code="a">TxDaGIAL</subfield><subfield code="c">TxDaGIAL</subfield></datafield><datafield ind1="1" ind2=" " tag="100"><subfield code="a">Miller, Carolyn Paine.</subfield></datafield><datafield ind1="1" ind2="0" tag="245"><subfield code="a">Structural ambiguity within the Vietnamese relative clause</subfield><subfield code="h">[manuscript] /</subfield><subfield code="c">Carolyn Miller.</subfield></datafield><datafield ind1=" " ind2=" " tag="260"><subfield code="c">1965?.</subfield></datafield><datafield ind1=" " ind2=" " tag="300"><subfield code="a">48, iv, 122, 42, 8 leaves ;</subfield><subfield code="c">29 cm.</subfield></datafield><datafield ind1=" " ind2=" " tag="500"><subfield code="a">Bound with: Nung clauses and sentences by Nancy Freiberger, Nung verb phrase by Janice Saul, and Halang verb phrase by James S. Cooper.</subfield></datafield><datafield ind1=" " ind2=" " tag="504"><subfield code="a">Includes bibliographies.</subfield></datafield><datafield ind1=" " ind2=" " tag="546"><subfield code="a">English.</subfield></datafield><datafield ind1=" " ind2="0" tag="650"><subfield code="a">Vietnamese language</subfield><subfield code="x">Clauses.</subfield></datafield><datafield ind1=" " ind2="0" tag="650"><subfield code="a">Tay-Nung language.</subfield></datafield><datafield ind1=" " ind2="4" tag="650"><subfield code="a">Halang language.</subfield></datafield><datafield ind1="1" ind2="0" tag="700"><subfield code="a">Wilson, Nancy Freiberger.</subfield></datafield><datafield ind1="1" ind2="0" tag="700"><subfield code="a">Saul, Janice.</subfield></datafield><datafield ind1="1" ind2="0" tag="700"><subfield code="a">Cooper, James S.</subfield></datafield><datafield ind1=" " ind2=" " tag="035"><subfield code="a">(TxDaGIAL)37741100020776</subfield></datafield><controlfield tag="005">20080624161520.0</controlfield><controlfield tag="001">8448</controlfield><controlfield tag="003">TxDaGIAL</controlfield><datafield ind1=" " ind2=" " tag="852"><subfield code="p">37741100020776</subfield><subfield code="a">Library</subfield><subfield code="x">COPYID:9951</subfield><subfield code="x">FSC@aRegular@c19971003</subfield><subfield code="h">495.922 M647s</subfield><subfield code="z">7757</subfield></datafield></record>