
<record><leader>00892nam a2200253Ii 4500</leader><controlfield tag="008">740823 1919    dcu           00010 eng u</controlfield><datafield ind1=" " ind2=" " tag="010"><subfield code="a">   20026071</subfield></datafield><datafield ind1=" " ind2=" " tag="035"><subfield code="a">(CU-UC)1727371</subfield></datafield><datafield ind1=" " ind2=" " tag="040"><subfield code="c">KEN</subfield><subfield code="d">CLU</subfield><subfield code="d">TxDaGIAL</subfield></datafield><datafield ind1="0" ind2=" " tag="050"><subfield code="a">E51</subfield><subfield code="b">.U6 no.68</subfield></datafield><datafield ind1="1" ind2="0" tag="100"><subfield code="a">Swanton, John Reed,</subfield><subfield code="d">1873-1958.</subfield></datafield><datafield ind1="1" ind2="2" tag="245"><subfield code="a">A structural and lexical comparison of the Tunica, Chitimacha, and Atakapa languages /</subfield><subfield code="c">by John R. Swanton.</subfield></datafield><datafield ind1="0" ind2=" " tag="260"><subfield code="a">Washington :</subfield><subfield code="b">Govt. print. off.,</subfield><subfield code="c">1919.</subfield></datafield><datafield ind1=" " ind2=" " tag="300"><subfield code="a">56 p. ;</subfield><subfield code="c">24 cm.</subfield></datafield><datafield ind1=" " ind2="0" tag="440"><subfield code="a">Smithsonian institution.</subfield><subfield code="p">Bureau of American Ethnology ;</subfield><subfield code="v">bulletin 68</subfield></datafield><datafield ind1=" " ind2=" " tag="546"><subfield code="a">English.</subfield></datafield><datafield ind1=" " ind2="0" tag="650"><subfield code="a">Tunica language.</subfield></datafield><datafield ind1=" " ind2="0" tag="650"><subfield code="a">Chitimacha language.</subfield></datafield><datafield ind1=" " ind2="0" tag="650"><subfield code="a">Atakapa language.</subfield></datafield><datafield ind1=" " ind2=" " tag="035"><subfield code="a">(TxDaGIAL)37741100018193</subfield></datafield><controlfield tag="005">20080624161521.0</controlfield><controlfield tag="001">8450</controlfield><controlfield tag="003">TxDaGIAL</controlfield><datafield ind1=" " ind2=" " tag="852"><subfield code="p">37741100018193</subfield><subfield code="a">Library</subfield><subfield code="x">COPYID:9953</subfield><subfield code="x">FSC@aRegular@c19970605</subfield><subfield code="h">306.05 S664b 068 1919</subfield><subfield code="z">745</subfield></datafield></record>