
<record><leader>00842cam a2200229 a 4500</leader><controlfield tag="008">750619s1958    mdu           000 0 eng c</controlfield><datafield ind1=" " ind2=" " tag="010"><subfield code="a">a  59001197</subfield></datafield><datafield ind1=" " ind2=" " tag="040"><subfield code="a">Columbia Univ. Libraries</subfield><subfield code="c">YRM</subfield><subfield code="d">SER</subfield><subfield code="d">m.c.</subfield><subfield code="d">CLU</subfield><subfield code="d">TxDaGIAL</subfield></datafield><datafield ind1="0" ind2=" " tag="050"><subfield code="a">PC631</subfield><subfield code="b">.A35</subfield></datafield><datafield ind1=" " ind2=" " tag="082"><subfield code="a">459.5</subfield></datafield><datafield ind1="1" ind2=" " tag="100"><subfield code="a">Agard, Frederick Browning,</subfield><subfield code="d">1907-</subfield></datafield><datafield ind1="1" ind2="0" tag="245"><subfield code="a">Structural sketch of Rumanian.</subfield></datafield><datafield ind1=" " ind2=" " tag="260"><subfield code="a">Baltimore :</subfield><subfield code="b">Linguistic Society of America,</subfield><subfield code="c">[1958]</subfield></datafield><datafield ind1=" " ind2=" " tag="300"><subfield code="a">127 p. ;</subfield><subfield code="c">26 cm.</subfield></datafield><datafield ind1=" " ind2="0" tag="440"><subfield code="a">Language monograph ;</subfield><subfield code="v">no. 26.</subfield></datafield><datafield ind1=" " ind2=" " tag="500"><subfield code="a">Language; journal of the Linguistic Society of America, v. 34, no. 3, pt. 2, July-Sept. 1958. Supplement.</subfield></datafield><datafield ind1=" " ind2="0" tag="650"><subfield code="a">Romanian language</subfield><subfield code="x">Grammar.</subfield></datafield><datafield ind1=" " ind2=" " tag="035"><subfield code="a">(TxDaGIAL)37741100015107</subfield></datafield><controlfield tag="005">20080624161522.0</controlfield><controlfield tag="001">8456</controlfield><controlfield tag="003">TxDaGIAL</controlfield><datafield ind1=" " ind2=" " tag="852"><subfield code="p">37741100015107</subfield><subfield code="a">Library</subfield><subfield code="x">COPYID:9960</subfield><subfield code="x">FSC@aRegular@c19970211</subfield><subfield code="h">459.5 A261s 1958</subfield></datafield></record>