
<record><leader>00981pam a2200289 a 4500</leader><controlfield tag="008">881122s1989    caua     b    00110 eng  </controlfield><datafield ind1=" " ind2=" " tag="010"><subfield code="a">   88038570</subfield></datafield><datafield ind1=" " ind2=" " tag="020"><subfield code="a">0126135223 (alk. paper)</subfield></datafield><datafield ind1=" " ind2=" " tag="020"><subfield code="a">0126061033 (pbk. : alk. paper)</subfield></datafield><datafield ind1=" " ind2=" " tag="040"><subfield code="a">DLC</subfield><subfield code="c">DLC</subfield><subfield code="d">DLC</subfield></datafield><datafield ind1="0" ind2="0" tag="050"><subfield code="a">P1</subfield><subfield code="b">.S9 vol. 22</subfield><subfield code="a">PL617</subfield></datafield><datafield ind1="0" ind2="0" tag="082"><subfield code="a">495.6/5</subfield><subfield code="2">19</subfield></datafield><datafield ind1="1" ind2="0" tag="100"><subfield code="a">Miyagawa, Shigeru.</subfield></datafield><datafield ind1="1" ind2="0" tag="245"><subfield code="a">Structure and case marking in Japanese /</subfield><subfield code="c">Shigeru Miyagawa.</subfield></datafield><datafield ind1="0" ind2=" " tag="260"><subfield code="a">San Diego :</subfield><subfield code="b">Academic Press,</subfield><subfield code="c">c1989.</subfield></datafield><datafield ind1=" " ind2=" " tag="300"><subfield code="a">xvi, 259 p. :</subfield><subfield code="b">ill. ;</subfield><subfield code="c">23 cm.</subfield></datafield><datafield ind1=" " ind2="0" tag="440"><subfield code="a">Syntax and semantics ;</subfield><subfield code="v">v. 22</subfield></datafield><datafield ind1=" " ind2=" " tag="504"><subfield code="a">Bibliography: p. 247-254.</subfield></datafield><datafield ind1=" " ind2=" " tag="500"><subfield code="a">Includes index.</subfield></datafield><datafield ind1=" " ind2="0" tag="650"><subfield code="a">Japanese language</subfield><subfield code="x">Syntax.</subfield></datafield><datafield ind1=" " ind2="0" tag="650"><subfield code="a">Japanese language</subfield><subfield code="x">Morphology.</subfield></datafield><datafield ind1=" " ind2="0" tag="650"><subfield code="a">Government-binding theory (Linguistics)</subfield></datafield><datafield ind1=" " ind2=" " tag="035"><subfield code="a">(TxDaGIAL)37741100008714</subfield></datafield><controlfield tag="005">20080624161523.0</controlfield><controlfield tag="001">8461</controlfield><controlfield tag="003">TxDaGIAL</controlfield><datafield ind1=" " ind2=" " tag="852"><subfield code="p">37741100008714</subfield><subfield code="a">Library</subfield><subfield code="x">COPYID:9965</subfield><subfield code="x">FSC@aRegular@c19951013</subfield><subfield code="h">415 S955s vol.22 1989</subfield><subfield code="z">S.O.</subfield></datafield></record>