
<record><leader>00893nam a2200241 i 4500</leader><controlfield tag="008">770628s1977    txu      b    00010 eng  </controlfield><datafield ind1=" " ind2=" " tag="010"><subfield code="a">   76027109</subfield></datafield><datafield ind1=" " ind2=" " tag="020"><subfield code="a">0292740050.</subfield><subfield code="a">0292740026</subfield><subfield code="b">pbk.</subfield></datafield><datafield ind1=" " ind2=" " tag="040"><subfield code="a">DLC</subfield><subfield code="c">DLC</subfield><subfield code="d">TxDaGIAL</subfield></datafield><datafield ind1="0" ind2=" " tag="050"><subfield code="a">PM3889</subfield><subfield code="b">.C7</subfield></datafield><datafield ind1=" " ind2=" " tag="082"><subfield code="a">497/.4</subfield></datafield><datafield ind1="1" ind2="0" tag="100"><subfield code="a">Craig, Colette Grinevald.</subfield></datafield><datafield ind1="1" ind2="4" tag="245"><subfield code="a">The structure of Jacaltec /</subfield><subfield code="c">Colette Grinevald Craig.</subfield></datafield><datafield ind1="0" ind2=" " tag="260"><subfield code="a">Austin :</subfield><subfield code="b">University of Texas Press,</subfield><subfield code="c">c1977.</subfield></datafield><datafield ind1=" " ind2=" " tag="300"><subfield code="a">432 p. :</subfield><subfield code="b">diagrs. ;</subfield><subfield code="c">23 cm.</subfield></datafield><datafield ind1=" " ind2=" " tag="504"><subfield code="a">Bibliography: p. [427]-432.</subfield></datafield><datafield ind1=" " ind2="0" tag="650"><subfield code="a">Jacalteca language</subfield><subfield code="x">Grammar.</subfield></datafield><datafield ind1=" " ind2=" " tag="035"><subfield code="a">(TxDaGIAL)37741100012618</subfield></datafield><controlfield tag="005">20080624161526.0</controlfield><controlfield tag="001">8474</controlfield><controlfield tag="003">TxDaGIAL</controlfield><datafield ind1=" " ind2=" " tag="852"><subfield code="p">37741100012618</subfield><subfield code="a">Library</subfield><subfield code="x">COPYID:9981</subfield><subfield code="x">FSC@aRegular@c19960718</subfield><subfield code="h">497.415 C886s 1977</subfield><subfield code="z">5106</subfield></datafield><datafield ind1=" " ind2=" " tag="852"><subfield code="p">37741100022514</subfield><subfield code="a">Library</subfield><subfield code="9">$0.00</subfield><subfield code="x">COPYID:9982</subfield><subfield code="x">FSC@aRegular@c19981005</subfield><subfield code="h">497.415 C886s 1977</subfield><subfield code="z">Gift Maria &amp; Frank Brandon 6-98</subfield></datafield></record>