
<record><leader>00984cam a2200253 i 4500</leader><controlfield tag="008">760528s1967    txu      b    000 0 eng  </controlfield><datafield ind1=" " ind2=" " tag="010"><subfield code="a">   74191387 //r93</subfield></datafield><datafield ind1=" " ind2=" " tag="040"><subfield code="a">DLC</subfield><subfield code="c">DLC</subfield><subfield code="d">DLC</subfield><subfield code="d">TxDaGIAL</subfield></datafield><datafield ind1="0" ind2="0" tag="050"><subfield code="a">P1</subfield><subfield code="b">.S782 no. 11</subfield><subfield code="a">PL533</subfield></datafield><datafield ind1="0" ind2="0" tag="082"><subfield code="a">410/.8 s</subfield><subfield code="a">495.6/5</subfield></datafield><datafield ind1="1" ind2="0" tag="100"><subfield code="a">Jinushi, Toshiko Susuki,</subfield><subfield code="d">1930-1966.</subfield></datafield><datafield ind1="1" ind2="4" tag="245"><subfield code="a">The structure of Japanese /</subfield><subfield code="c">Toshiko Susuki Jinushi.</subfield></datafield><datafield ind1="0" ind2=" " tag="260"><subfield code="a">Dallas, Tex. :</subfield><subfield code="b">Dept. of Anthropology, Southern Methodist University,</subfield><subfield code="c">1967.</subfield></datafield><datafield ind1=" " ind2=" " tag="300"><subfield code="a">140 p. ;</subfield><subfield code="c">23 cm.</subfield></datafield><datafield ind1="1" ind2=" " tag="490"><subfield code="a">Studies in lingustics. Occasional papers ;</subfield><subfield code="v">11</subfield></datafield><datafield ind1=" " ind2=" " tag="500"><subfield code="a">A revision of the author's thesis, University of Buffalo, 1962.</subfield></datafield><datafield ind1=" " ind2=" " tag="504"><subfield code="a">Bibliography: p. 139-140.</subfield></datafield><datafield ind1=" " ind2="0" tag="650"><subfield code="a">Japanese language</subfield><subfield code="x">Grammar.</subfield></datafield><datafield ind1=" " ind2="0" tag="830"><subfield code="a">Studies in linguistics. Supplement. Occasional papers ;</subfield><subfield code="v">11.</subfield></datafield><datafield ind1=" " ind2=" " tag="035"><subfield code="a">(TxDaGIAL)37741100006433</subfield></datafield><controlfield tag="005">20080624161526.0</controlfield><controlfield tag="001">8475</controlfield><controlfield tag="003">TxDaGIAL</controlfield><datafield ind1=" " ind2=" " tag="852"><subfield code="p">37741100006433</subfield><subfield code="a">Library</subfield><subfield code="x">COPYID:9983</subfield><subfield code="x">FSC@aRegular@c19950807</subfield><subfield code="h">495.65 J61s 1967</subfield></datafield></record>