
<record><leader>01020cam a2200265Ia 4500</leader><controlfield tag="008">820303 1981    xx       b    00010 eng d</controlfield><datafield ind1=" " ind2=" " tag="035"><subfield code="a">(CU-UC)6567610</subfield></datafield><datafield ind1=" " ind2=" " tag="040"><subfield code="a">CUS</subfield><subfield code="c">CUS</subfield></datafield><datafield ind1="1" ind2="0" tag="100"><subfield code="a">Marlett, Stephen Alan,</subfield><subfield code="d">1951-</subfield></datafield><datafield ind1="1" ind2="4" tag="245"><subfield code="a">The structure of Seri /</subfield><subfield code="c">Stephen Alan Marlett.</subfield></datafield><datafield ind1="1" ind2=" " tag="260"><subfield code="c">1981.</subfield></datafield><datafield ind1=" " ind2=" " tag="300"><subfield code="a">xxxi, 417 leaves (in 2 v.) ;</subfield><subfield code="c">28 cm.</subfield></datafield><datafield ind1=" " ind2=" " tag="500"><subfield code="a">Vita.</subfield></datafield><datafield ind1=" " ind2=" " tag="502"><subfield code="a">Thesis (Ph. D.)--University of California, San Diego, Dept. of Linguistics, 1981.</subfield></datafield><datafield ind1=" " ind2=" " tag="504"><subfield code="a">Bibliography: leaves 399-403.</subfield></datafield><datafield ind1=" " ind2=" " tag="533"><subfield code="a">Photocopy of typescript.</subfield><subfield code="b">[S.l. :</subfield><subfield code="c">s.n.,</subfield><subfield code="d">1981]</subfield></datafield><datafield ind1=" " ind2=" " tag="546"><subfield code="a">English.</subfield></datafield><datafield ind1=" " ind2="0" tag="650"><subfield code="a">Seri language</subfield><subfield code="x">Grammar.</subfield></datafield><datafield ind1="2" ind2="0" tag="610"><subfield code="a">University of California, San Diego</subfield><subfield code="x">Dissertations.</subfield></datafield><datafield ind1=" " ind2=" " tag="035"><subfield code="a">(TxDaGIAL)37741100016252</subfield></datafield><controlfield tag="005">20080624161528.0</controlfield><controlfield tag="001">8480</controlfield><controlfield tag="003">TxDaGIAL</controlfield><datafield ind1=" " ind2=" " tag="852"><subfield code="p">37741100016252</subfield><subfield code="a">Library</subfield><subfield code="9">$0.00</subfield><subfield code="x">COPYID:9988</subfield><subfield code="x">FSC@aRegular@c19971128</subfield><subfield code="h">497.57 M347s vol.1 1981</subfield><subfield code="z">1982</subfield></datafield><datafield ind1=" " ind2=" " tag="852"><subfield code="p">37741100016253</subfield><subfield code="a">Library</subfield><subfield code="9">$0.00</subfield><subfield code="x">COPYID:9989</subfield><subfield code="x">FSC@aRegular@c19971128</subfield><subfield code="h">497.57 M347s vol.2 1981</subfield><subfield code="z">1982</subfield></datafield></record>