
<record><leader>01071cam a2200253   4500</leader><controlfield tag="008">711008s1961    dcu           00010 eng  </controlfield><datafield ind1=" " ind2=" " tag="010"><subfield code="a">   78269168 //r862</subfield></datafield><datafield ind1=" " ind2=" " tag="040"><subfield code="a">DLC</subfield><subfield code="c">DLC</subfield><subfield code="d">TxDaGIAL</subfield></datafield><datafield ind1="1" ind2=" " tag="041"><subfield code="a">engrus</subfield></datafield><datafield ind1="0" ind2=" " tag="050"><subfield code="a">PJ6095</subfield><subfield code="b">.I813 1961</subfield></datafield><datafield ind1=" " ind2=" " tag="082"><subfield code="a">492.7/5</subfield></datafield><datafield ind1="1" ind2="0" tag="100"><subfield code="a">&#65056;I&#65057;Ushmanov, N. V.</subfield><subfield code="q">(Nikola&#301; Vladimirovich),</subfield><subfield code="d">1896-1946.</subfield></datafield><datafield ind1="1" ind2="0" tag="240"><subfield code="a">Stro&#301; arabskogo &#65056;i&#65057;azyka.</subfield><subfield code="l">English.</subfield></datafield><datafield ind1="1" ind2="4" tag="245"><subfield code="a">The structure of the Arabic language /</subfield><subfield code="c">[by] N. V. Yushmanov ; translated from the Russian by Moshe Perlmann.</subfield></datafield><datafield ind1="0" ind2=" " tag="260"><subfield code="a">Washington :</subfield><subfield code="b">Center for Applied Linguistics of the Modern Language Association of America,</subfield><subfield code="c">1961.</subfield></datafield><datafield ind1=" " ind2=" " tag="300"><subfield code="a">vi, 86 p. ;</subfield><subfield code="c">26 cm.</subfield></datafield><datafield ind1=" " ind2=" " tag="500"><subfield code="a">Translation of Stro&#301; arabskogo &#65056;i&#65057;azyka (romanized form)</subfield></datafield><datafield ind1=" " ind2="0" tag="650"><subfield code="a">Arabic language</subfield><subfield code="x">Grammar.</subfield></datafield><datafield ind1=" " ind2=" " tag="035"><subfield code="a">(TxDaGIAL)37741100007682</subfield></datafield><controlfield tag="005">20080624161529.0</controlfield><controlfield tag="001">8484</controlfield><controlfield tag="003">TxDaGIAL</controlfield><datafield ind1=" " ind2=" " tag="852"><subfield code="p">37741100007682</subfield><subfield code="a">Library</subfield><subfield code="x">COPYID:9995</subfield><subfield code="x">FSC@aRegular@c19971128</subfield><subfield code="h">492.75 Y95s.E 1961</subfield><subfield code="z">6585</subfield></datafield><datafield ind1=" " ind2=" " tag="852"><subfield code="p">37741100021997</subfield><subfield code="a">Library</subfield><subfield code="x">COPYID:9996</subfield><subfield code="x">FSC@aRegular@c19971125</subfield><subfield code="h">492.75 Y95s.E 1961</subfield></datafield></record>