
<record><leader>00739nam a2200217 a 4500</leader><controlfield tag="008">840827s1978    inua     b    00010 eng d</controlfield><datafield ind1=" " ind2=" " tag="035"><subfield code="a">(CU-UC)dlaisn2466878</subfield></datafield><datafield ind1=" " ind2=" " tag="040"><subfield code="a">CoFS</subfield><subfield code="c">CoFS</subfield><subfield code="d">COCSL</subfield></datafield><datafield ind1="1" ind2="0" tag="100"><subfield code="a">Reyes, Rogelio.</subfield></datafield><datafield ind1="1" ind2="0" tag="245"><subfield code="a">Studies in Chicano Spanish /</subfield><subfield code="c">by Rogelio Reyes.</subfield></datafield><datafield ind1="0" ind2=" " tag="260"><subfield code="a">Bloomington, Ind. :</subfield><subfield code="b">Indiana University Linguistics Club,</subfield><subfield code="c">1978.</subfield></datafield><datafield ind1=" " ind2=" " tag="300"><subfield code="a">iv, 98 p. :</subfield><subfield code="b">ill. ;</subfield><subfield code="c">28 cm.</subfield></datafield><datafield ind1=" " ind2=" " tag="502"><subfield code="a">Thesis (Ph.D.)--Harvard University, 1974.</subfield></datafield><datafield ind1=" " ind2=" " tag="504"><subfield code="a">Bibliography: p. 97-98.</subfield></datafield><datafield ind1=" " ind2=" " tag="546"><subfield code="a">English.</subfield></datafield><datafield ind1=" " ind2="0" tag="650"><subfield code="a">Spanish language</subfield><subfield code="x">Slang.</subfield></datafield><datafield ind1=" " ind2=" " tag="035"><subfield code="a">(TxDaGIAL)37741100014377</subfield></datafield><controlfield tag="005">20080624161532.0</controlfield><controlfield tag="001">8502</controlfield><controlfield tag="003">TxDaGIAL</controlfield><datafield ind1=" " ind2=" " tag="852"><subfield code="p">37741100014377</subfield><subfield code="a">Library</subfield><subfield code="x">COPYID:10015</subfield><subfield code="x">FSC@aRegular@c19970114</subfield><subfield code="h">467.9 R457s 1978</subfield></datafield></record>