
<record><leader>01310nam a2200301 a 4500</leader><controlfield tag="008">920327s1988    enka     b    001 0 eng  </controlfield><datafield ind1=" " ind2=" " tag="010"><subfield code="a">   92138722</subfield></datafield><datafield ind1=" " ind2=" " tag="020"><subfield code="a">0710302827</subfield></datafield><datafield ind1=" " ind2=" " tag="040"><subfield code="a">DLC</subfield><subfield code="c">DLC</subfield></datafield><datafield ind1="0" ind2="0" tag="050"><subfield code="a">PL8231</subfield><subfield code="b">.S78 1988</subfield></datafield><datafield ind1="0" ind2="0" tag="082"><subfield code="a">493/.72</subfield><subfield code="2">20</subfield></datafield><datafield ind1="0" ind2="0" tag="245"><subfield code="a">Studies in Hausa language and linguistics, in honour of F.W. Parsons /</subfield><subfield code="c">edited by Graham Furniss and Philip J. Jaggar.</subfield></datafield><datafield ind1=" " ind2=" " tag="260"><subfield code="a">London ;</subfield><subfield code="a">New York :</subfield><subfield code="b">Kegan Paul International in association with the International African Institute ;</subfield><subfield code="a">New York, NY, USA :</subfield><subfield code="b">Distributed by Routledge Chapman &amp; Hall,</subfield><subfield code="c">1988.</subfield></datafield><datafield ind1=" " ind2=" " tag="300"><subfield code="a">xxxi, 282 p. :</subfield><subfield code="b">ill. ;</subfield><subfield code="c">23 cm.</subfield></datafield><datafield ind1="1" ind2=" " tag="490"><subfield code="a">African languages = Langues africaines. Occasional publication ;</subfield><subfield code="v">no. 3</subfield></datafield><datafield ind1=" " ind2=" " tag="504"><subfield code="a">Includes bibliographical references and index.</subfield></datafield><datafield ind1=" " ind2="0" tag="650"><subfield code="a">Hausa language.</subfield></datafield><datafield ind1=" " ind2="0" tag="650"><subfield code="a">Hausa literature</subfield><subfield code="x">History and criticism.</subfield></datafield><datafield ind1="1" ind2="0" tag="700"><subfield code="a">Parsons, F. W.</subfield><subfield code="q">(Frederick William),</subfield><subfield code="d">1908-</subfield></datafield><datafield ind1="1" ind2="0" tag="700"><subfield code="a">Furniss, Graham.</subfield></datafield><datafield ind1="1" ind2="0" tag="700"><subfield code="a">Jaggar, Philip J.,</subfield><subfield code="d">1945-</subfield></datafield><datafield ind1="2" ind2="0" tag="710"><subfield code="a">International African Institute.</subfield></datafield><datafield ind1=" " ind2="0" tag="830"><subfield code="a">African languages.</subfield><subfield code="p">Occasional publication ;</subfield><subfield code="v">no. 3.</subfield></datafield><datafield ind1=" " ind2=" " tag="035"><subfield code="a">(TxDaGIAL)37741100007606</subfield></datafield><controlfield tag="005">20080624161536.0</controlfield><controlfield tag="001">8518</controlfield><controlfield tag="003">TxDaGIAL</controlfield><datafield ind1=" " ind2=" " tag="852"><subfield code="p">37741100007606</subfield><subfield code="a">Library</subfield><subfield code="9">$57.50</subfield><subfield code="x">COPYID:10033</subfield><subfield code="x">FSC@aRegular@c19950906</subfield><subfield code="h">493.72 S933f 1988</subfield><subfield code="z">B/T 7-92</subfield></datafield></record>