
<record><leader>01000cam a2200253 a 4500</leader><controlfield tag="008">840913s1983    io a     b    00000 eng  </controlfield><datafield ind1=" " ind2=" " tag="010"><subfield code="a">   84941196 //r902</subfield></datafield><datafield ind1=" " ind2=" " tag="040"><subfield code="a">DLC</subfield><subfield code="c">DLC</subfield><subfield code="d">DLC</subfield></datafield><datafield ind1="0" ind2="0" tag="050"><subfield code="a">PL5127</subfield><subfield code="b">.S78 1983</subfield></datafield><datafield ind1="0" ind2="0" tag="082"><subfield code="a">499/.287</subfield><subfield code="2">19</subfield></datafield><datafield ind1="0" ind2="0" tag="245"><subfield code="a">Studies in Malay dialects /</subfield><subfield code="c">edited by James T. Collins.</subfield></datafield><datafield ind1="0" ind2=" " tag="260"><subfield code="a">Jakarta :</subfield><subfield code="b">Badan Penyelenggara Seri NUSA, Universitas Atma Jaya,</subfield><subfield code="c">1983.</subfield></datafield><datafield ind1=" " ind2=" " tag="300"><subfield code="a">2 v. :</subfield><subfield code="b">ill. ;</subfield><subfield code="c">27 cm.</subfield></datafield><datafield ind1="1" ind2=" " tag="490"><subfield code="a">Nusa, linguistic studies of Indonesian and other languages in Indonesia,</subfield><subfield code="x">0126-2874 ;</subfield><subfield code="v">v. 16-17</subfield></datafield><datafield ind1=" " ind2=" " tag="504"><subfield code="a">Includes bibliographies.</subfield></datafield><datafield ind1=" " ind2="0" tag="650"><subfield code="a">Malay language</subfield><subfield code="x">Dialects.</subfield></datafield><datafield ind1="1" ind2="0" tag="700"><subfield code="a">Collins, James T.</subfield></datafield><datafield ind1=" " ind2="0" tag="830"><subfield code="a">Nusa ;</subfield><subfield code="v">v. 16, etc.</subfield></datafield><datafield ind1=" " ind2=" " tag="035"><subfield code="a">(TxDaGIAL)37741100012339</subfield></datafield><controlfield tag="005">20080624161539.0</controlfield><controlfield tag="001">8531</controlfield><controlfield tag="003">TxDaGIAL</controlfield><datafield ind1=" " ind2=" " tag="852"><subfield code="p">37741100012339</subfield><subfield code="a">Library</subfield><subfield code="x">COPYID:10047</subfield><subfield code="x">FSC@aRegular@c19960709</subfield><subfield code="h">499.287 S933m 1983 vol.1</subfield><subfield code="z">s.o.</subfield></datafield><datafield ind1=" " ind2=" " tag="852"><subfield code="p">37741100012340</subfield><subfield code="a">Library</subfield><subfield code="x">COPYID:10048</subfield><subfield code="x">FSC@aRegular@c19960709</subfield><subfield code="h">499.287 S933m 1983 vol.2</subfield><subfield code="z">s.o.</subfield></datafield></record>