
<record><leader>01288cam a2200337 i 4500</leader><controlfield tag="008">750320s1975    gau      b    00000 eng  </controlfield><datafield ind1=" " ind2=" " tag="010"><subfield code="a">   73090840</subfield></datafield><datafield ind1=" " ind2=" " tag="020"><subfield code="a">0820303348</subfield></datafield><datafield ind1=" " ind2=" " tag="040"><subfield code="a">DLC</subfield><subfield code="c">DLC</subfield></datafield><datafield ind1=" " ind2=" " tag="043"><subfield code="a">n-usu--</subfield></datafield><datafield ind1="0" ind2=" " tag="050"><subfield code="a">PM441</subfield><subfield code="b">.S7</subfield></datafield><datafield ind1=" " ind2=" " tag="082"><subfield code="a">497/.5</subfield></datafield><datafield ind1="0" ind2="0" tag="245"><subfield code="a">Studies in southeastern Indian languages /</subfield><subfield code="c">edited by James M. Crawford.</subfield></datafield><datafield ind1="0" ind2=" " tag="260"><subfield code="a">Athens :</subfield><subfield code="b">University of Georgia Press,</subfield><subfield code="c">[1975]</subfield></datafield><datafield ind1=" " ind2=" " tag="300"><subfield code="a">viii, 453 p. ;</subfield><subfield code="c">25 cm.</subfield></datafield><datafield ind1=" " ind2=" " tag="500"><subfield code="a">All the papers, with the exception of two, were presented at symposiums held during the 1970 and 1971 annual meetings of the Southern Anthropological Society held in Athens, Ga., and Dallas, respectively.</subfield></datafield><datafield ind1=" " ind2=" " tag="504"><subfield code="a">Includes bibliographical references.</subfield></datafield><datafield ind1=" " ind2="0" tag="650"><subfield code="a">Indians of North America</subfield><subfield code="z">Southern States</subfield><subfield code="x">Languages</subfield><subfield code="v">Congresses.</subfield></datafield><datafield ind1=" " ind2="0" tag="650"><subfield code="a">Choctaw language.</subfield></datafield><datafield ind1=" " ind2="0" tag="650"><subfield code="a">Cherokee language.</subfield></datafield><datafield ind1=" " ind2="0" tag="650"><subfield code="a">Chickasaw language.</subfield></datafield><datafield ind1=" " ind2="0" tag="650"><subfield code="a">Wichita language.</subfield></datafield><datafield ind1=" " ind2="0" tag="650"><subfield code="a">Shawnee language.</subfield></datafield><datafield ind1=" " ind2="0" tag="650"><subfield code="a">Yuchi language.</subfield></datafield><datafield ind1="1" ind2="0" tag="700"><subfield code="a">Crawford, James Mack,</subfield><subfield code="d">1925-</subfield></datafield><datafield ind1="2" ind2="0" tag="710"><subfield code="a">Southern Anthropological Society.</subfield></datafield><datafield ind1=" " ind2=" " tag="035"><subfield code="a">(TxDaGIAL)37741100007191</subfield></datafield><controlfield tag="005">20080624161542.0</controlfield><controlfield tag="001">8542</controlfield><controlfield tag="003">TxDaGIAL</controlfield><datafield ind1=" " ind2=" " tag="852"><subfield code="p">37741100007191</subfield><subfield code="a">Library</subfield><subfield code="x">COPYID:10072</subfield><subfield code="x">FSC@aRegular@c19950823</subfield><subfield code="h">497 C899s 1975</subfield><subfield code="z">3953</subfield></datafield></record>