
<record><leader>00986cam a22002651  4500</leader><controlfield tag="008">710318s1968    flu      b    00010 eng  </controlfield><datafield ind1=" " ind2=" " tag="010"><subfield code="a">   68031043 //r83</subfield></datafield><datafield ind1=" " ind2=" " tag="040"><subfield code="a">DLC</subfield><subfield code="c">DLC</subfield><subfield code="d">TxDaGIAL</subfield></datafield><datafield ind1="1" ind2=" " tag="041"><subfield code="a">engspa</subfield></datafield><datafield ind1="0" ind2=" " tag="050"><subfield code="a">PC4131</subfield><subfield code="b">.N313</subfield></datafield><datafield ind1=" " ind2=" " tag="082"><subfield code="a">461/.5</subfield></datafield><datafield ind1="1" ind2="0" tag="100"><subfield code="a">Navarro Tom&#225;s, Tom&#225;s,</subfield><subfield code="d">1884-</subfield></datafield><datafield ind1="1" ind2="0" tag="240"><subfield code="a">Estudios de fonologia espa&#241;ola.</subfield><subfield code="l">English.</subfield></datafield><datafield ind1="1" ind2="0" tag="245"><subfield code="a">Studies in Spanish phonology /</subfield><subfield code="c">by Tom&#225;s Navarro. Translated by Richard D. Abraham.</subfield></datafield><datafield ind1="0" ind2=" " tag="260"><subfield code="a">Coral Gables, Fla. :</subfield><subfield code="b">University of Miami Press,</subfield><subfield code="c">[1968]</subfield></datafield><datafield ind1=" " ind2=" " tag="300"><subfield code="a">160 p. ;</subfield><subfield code="c">21 cm.</subfield></datafield><datafield ind1="0" ind2=" " tag="490"><subfield code="a">Miami linguistics series, no. 4</subfield></datafield><datafield ind1=" " ind2=" " tag="500"><subfield code="a">Translation of Estudios de fonolog&#237;a espa&#241;ola.</subfield></datafield><datafield ind1=" " ind2=" " tag="504"><subfield code="a">Bibliographical references included in "Notes" (p. [146]-156).</subfield></datafield><datafield ind1=" " ind2="0" tag="650"><subfield code="a">Spanish language</subfield><subfield code="x">Phonology.</subfield></datafield><datafield ind1=" " ind2=" " tag="035"><subfield code="a">(TxDaGIAL)37741100007024</subfield></datafield><controlfield tag="005">20080624161543.0</controlfield><controlfield tag="001">8543</controlfield><controlfield tag="003">TxDaGIAL</controlfield><datafield ind1=" " ind2=" " tag="852"><subfield code="p">37741100007024</subfield><subfield code="a">Library</subfield><subfield code="x">COPYID:10073</subfield><subfield code="x">FSC@aRegular@c19950818</subfield><subfield code="h">461.5 N322e.E 1968</subfield><subfield code="z">3701</subfield></datafield></record>