
<record><leader>01145nam a2200265 i 4500</leader><controlfield tag="008">790604s1954    cau      b    00000 engmc</controlfield><datafield ind1=" " ind2=" " tag="010"><subfield code="a">a  55008602</subfield></datafield><datafield ind1=" " ind2=" " tag="035"><subfield code="a">(CU-UC)dlaisn1093362</subfield></datafield><datafield ind1=" " ind2=" " tag="040"><subfield code="a">California. Univ. Libr.</subfield><subfield code="c">COO</subfield><subfield code="d">m.c</subfield><subfield code="d">TxDaGIAL</subfield></datafield><datafield ind1="1" ind2=" " tag="050"><subfield code="a">P25</subfield><subfield code="b">.C25 vol.11</subfield></datafield><datafield ind1="1" ind2="0" tag="100"><subfield code="a">Malkiel, Yakov,</subfield><subfield code="d">1914-</subfield></datafield><datafield ind1="1" ind2="0" tag="245"><subfield code="a">Studies in the reconstruction of Hispano-Latin word families :</subfield><subfield code="b">I. The Romance progeny of Vulgar Latin (re)pedare and cognates. II. Hispano-Latin *pedia and *mania. III. The coalescence of expedire and petere in Ibero-Romance /</subfield><subfield code="c">by Yakov Malkiel.</subfield></datafield><datafield ind1="0" ind2=" " tag="260"><subfield code="a">Berkeley :</subfield><subfield code="b">University of California Press,</subfield><subfield code="c">1954.</subfield></datafield><datafield ind1=" " ind2=" " tag="300"><subfield code="a">vi, 223 p. ;</subfield><subfield code="c">27 cm.</subfield></datafield><datafield ind1=" " ind2="0" tag="440"><subfield code="a">University of California publications in linguistics ;</subfield><subfield code="v">11</subfield></datafield><datafield ind1=" " ind2=" " tag="504"><subfield code="a">Bibliography: p. 171-178.</subfield></datafield><datafield ind1=" " ind2=" " tag="546"><subfield code="a">English.</subfield></datafield><datafield ind1=" " ind2="0" tag="650"><subfield code="a">Latin language, Vulgar</subfield><subfield code="x">Words</subfield><subfield code="x">History.</subfield></datafield><datafield ind1=" " ind2="0" tag="650"><subfield code="a">Romance languages</subfield><subfield code="x">Etymology.</subfield></datafield><datafield ind1=" " ind2="0" tag="650"><subfield code="a">Romance languages</subfield><subfield code="x">Semantics.</subfield></datafield><datafield ind1=" " ind2=" " tag="035"><subfield code="a">(TxDaGIAL)37741100014232</subfield></datafield><controlfield tag="005">20080624161549.0</controlfield><controlfield tag="001">8561</controlfield><controlfield tag="003">TxDaGIAL</controlfield><datafield ind1=" " ind2=" " tag="852"><subfield code="p">37741100014232</subfield><subfield code="a">Library</subfield><subfield code="x">COPYID:10093</subfield><subfield code="x">FSC@aRegular@c19961217</subfield><subfield code="h">440.042 M251s 1954</subfield><subfield code="z">6022</subfield></datafield></record>