
<record><leader>00811cam a2200229 a 4500</leader><controlfield tag="008">890928s1951    cau      b    00110 eng c</controlfield><datafield ind1=" " ind2=" " tag="010"><subfield code="a">a  51009201</subfield></datafield><datafield ind1=" " ind2=" " tag="035"><subfield code="a">(CU-UC)814760</subfield></datafield><datafield ind1="1" ind2="0" tag="100"><subfield code="a">Emeneau, M. B.</subfield><subfield code="q">(Murray Barnson),</subfield><subfield code="d">1904-</subfield></datafield><datafield ind1="1" ind2="0" tag="245"><subfield code="a">Studies in Vietnamese (Annamese) grammar /</subfield><subfield code="c">by M. B. Emeneau.</subfield></datafield><datafield ind1="0" ind2=" " tag="260"><subfield code="a">Berkeley :</subfield><subfield code="b">University of California Press,</subfield><subfield code="c">1951.</subfield></datafield><datafield ind1=" " ind2=" " tag="300"><subfield code="a">viii, 235 p. ;</subfield><subfield code="c">26 cm.</subfield></datafield><datafield ind1=" " ind2="0" tag="440"><subfield code="a">University of California publications in linguistics ;</subfield><subfield code="v">v. 8</subfield></datafield><datafield ind1=" " ind2=" " tag="500"><subfield code="a">Includes index.</subfield></datafield><datafield ind1=" " ind2=" " tag="504"><subfield code="a">"Select bibliography": p. 232.</subfield></datafield><datafield ind1=" " ind2=" " tag="546"><subfield code="a">English.</subfield></datafield><datafield ind1=" " ind2="0" tag="650"><subfield code="a">Vietnamese language</subfield><subfield code="x">Grammar.</subfield></datafield><datafield ind1=" " ind2=" " tag="035"><subfield code="a">(TxDaGIAL)37741100018570</subfield></datafield><controlfield tag="005">20080624161550.0</controlfield><controlfield tag="001">8565</controlfield><controlfield tag="003">TxDaGIAL</controlfield><datafield ind1=" " ind2=" " tag="852"><subfield code="p">37741100018570</subfield><subfield code="a">Library</subfield><subfield code="x">COPYID:10099</subfield><subfield code="x">FSC@aRegular@c19970523</subfield><subfield code="h">495.9225 E53s 1951</subfield></datafield></record>