
<record><leader>00803nam a22002171  4500</leader><controlfield tag="008">940610s1985    xxu           000 0 eng d</controlfield><datafield ind1=" " ind2=" " tag="040"><subfield code="a">CU</subfield><subfield code="c">TxDaGIAL</subfield><subfield code="d">TxDaGIAL</subfield></datafield><datafield ind1="1" ind2=" " tag="100"><subfield code="a">Watters, James Kenneth.</subfield></datafield><datafield ind1="1" ind2="0" tag="245"><subfield code="a">Studies of the Tepehua verb :</subfield><subfield code="b">a functional approach /</subfield><subfield code="c">by James Kenneth Watters.</subfield></datafield><datafield ind1=" " ind2=" " tag="260"><subfield code="c">c1985.</subfield></datafield><datafield ind1=" " ind2=" " tag="300"><subfield code="a">iii, 125 leaves ;</subfield><subfield code="c">30 cm.</subfield></datafield><datafield ind1=" " ind2=" " tag="502"><subfield code="a">Thesis (M.A.)--University of California, Berkeley, 1985.</subfield></datafield><datafield ind1=" " ind2=" " tag="504"><subfield code="a">Bibliography: leaves 120-125.</subfield></datafield><datafield ind1=" " ind2="0" tag="650"><subfield code="a">Tepehua language.</subfield></datafield><datafield ind1=" " ind2="0" tag="651"><subfield code="a">Mexico</subfield><subfield code="x">Languages.</subfield></datafield><datafield ind1="2" ind2="0" tag="610"><subfield code="a">University of California, Berkeley.</subfield><subfield code="b">Dept. of Linguistics</subfield><subfield code="x">Dissertations.</subfield></datafield><datafield ind1=" " ind2=" " tag="035"><subfield code="a">(TxDaGIAL)37741100000048</subfield></datafield><controlfield tag="005">20080624161550.0</controlfield><controlfield tag="001">8567</controlfield><controlfield tag="003">TxDaGIAL</controlfield><datafield ind1=" " ind2=" " tag="852"><subfield code="p">37741100000048</subfield><subfield code="a">Library</subfield><subfield code="x">COPYID:10102</subfield><subfield code="x">FSC@aRegular@c19940902</subfield><subfield code="h">497.4 W346s 1985</subfield></datafield></record>