
<record><leader>00737nam a2200205 a 4500</leader><controlfield tag="008">971002s1989    txu           000 0 eng d</controlfield><datafield ind1=" " ind2=" " tag="040"><subfield code="a">TxDaGIAL</subfield><subfield code="c">TxDaGIAL</subfield></datafield><datafield ind1="1" ind2=" " tag="100"><subfield code="a">Kim, Kyu-Cheol.</subfield></datafield><datafield ind1="1" ind2="2" tag="245"><subfield code="a">A study of iconicity in Korean :</subfield><subfield code="b">with special attention to long and short forms /</subfield><subfield code="c">by Kyu-Cheol Kim.</subfield></datafield><datafield ind1=" " ind2=" " tag="260"><subfield code="c">1989.</subfield></datafield><datafield ind1=" " ind2=" " tag="300"><subfield code="a">x, 208 p. ;</subfield><subfield code="c">28 cm.</subfield></datafield><datafield ind1=" " ind2=" " tag="502"><subfield code="a">Thesis (Ph.D.)--University of Texas at Arlington, 1989.</subfield></datafield><datafield ind1=" " ind2=" " tag="504"><subfield code="a">Bibliography: p. 194-208.</subfield></datafield><datafield ind1=" " ind2="0" tag="650"><subfield code="a">Korean language.</subfield></datafield><datafield ind1="2" ind2="0" tag="610"><subfield code="a">University of Texas at Arlington</subfield><subfield code="x">Dissertations.</subfield></datafield><datafield ind1=" " ind2=" " tag="035"><subfield code="a">(TxDaGIAL)37741100020781</subfield></datafield><controlfield tag="005">20080624161553.0</controlfield><controlfield tag="001">8584</controlfield><controlfield tag="003">TxDaGIAL</controlfield><datafield ind1=" " ind2=" " tag="852"><subfield code="p">37741100020781</subfield><subfield code="a">Library</subfield><subfield code="x">COPYID:10120</subfield><subfield code="x">FSC@aRegular@c19971003</subfield><subfield code="h">495.7 K49s 1989</subfield></datafield></record>