
<record><leader>00888nam a2200229Ii 4500</leader><controlfield tag="008">751002s1969    vs            00010 eng d</controlfield><datafield ind1=" " ind2=" " tag="035"><subfield code="a">(CU-UC)4795180</subfield></datafield><datafield ind1=" " ind2=" " tag="040"><subfield code="a">HDC</subfield><subfield code="c">HDC</subfield><subfield code="d">CLU</subfield></datafield><datafield ind1="1" ind2="0" tag="100"><subfield code="a">Gregerson, Kenneth.</subfield></datafield><datafield ind1="1" ind2="2" tag="245"><subfield code="a">A study of Middle Vietnamese phonology /</subfield><subfield code="c">Kenneth J. Gregerson.</subfield></datafield><datafield ind1="0" ind2=" " tag="260"><subfield code="a">[Saigon :</subfield><subfield code="b">Summer Institute of Linguistics],</subfield><subfield code="c">1969.</subfield></datafield><datafield ind1=" " ind2=" " tag="300"><subfield code="a">63 p. ;</subfield><subfield code="c">28 cm.</subfield></datafield><datafield ind1=" " ind2=" " tag="500"><subfield code="a">Extrait du Bulletin de la Soci&#233;t&#233; des &#201;tudes Indochinoises. Nouvelle S&#233;rie--Tome XLIV--no. 2.</subfield></datafield><datafield ind1=" " ind2=" " tag="500"><subfield code="a">Pages also numbered 135-193 continuing the paging of the preceding number.</subfield></datafield><datafield ind1=" " ind2=" " tag="504"><subfield code="a">Bibliography: p. 57-63.</subfield></datafield><datafield ind1=" " ind2=" " tag="546"><subfield code="a">English.</subfield></datafield><datafield ind1=" " ind2="0" tag="650"><subfield code="a">Vietnamese language</subfield><subfield code="x">Phonology.</subfield></datafield><datafield ind1=" " ind2=" " tag="035"><subfield code="a">(TxDaGIAL)37741100015409</subfield></datafield><controlfield tag="005">20080624161554.0</controlfield><controlfield tag="001">8587</controlfield><controlfield tag="003">TxDaGIAL</controlfield><datafield ind1=" " ind2=" " tag="852"><subfield code="p">37741100015409</subfield><subfield code="a">Library</subfield><subfield code="x">COPYID:10124</subfield><subfield code="x">FSC@aRegular@c19970226</subfield><subfield code="h">495.92215 G821s 1969</subfield><subfield code="z">2984</subfield></datafield></record>