
<record><leader>00737nam a2200205K  4500</leader><controlfield tag="008">970314 1982    pau           000 0 eng d</controlfield><datafield ind1=" " ind2=" " tag="040"><subfield code="a">TxDaGIAL</subfield><subfield code="c">TxDaGIAL</subfield></datafield><datafield ind1="1" ind2="0" tag="100"><subfield code="a">Fuller, Eugene Earl.</subfield></datafield><datafield ind1="1" ind2="2" tag="245"><subfield code="a">A study of Navajo language maintenance and shift /</subfield><subfield code="c">by Eugene Earl Fuller.</subfield></datafield><datafield ind1="0" ind2=" " tag="260"><subfield code="c">1982.</subfield></datafield><datafield ind1=" " ind2=" " tag="300"><subfield code="a">vii, 136 leaves.</subfield></datafield><datafield ind1=" " ind2=" " tag="502"><subfield code="a">Thesis (Ph.D.)--University of Pittsburgh, 1982.</subfield></datafield><datafield ind1=" " ind2=" " tag="546"><subfield code="a">English.</subfield></datafield><datafield ind1=" " ind2="0" tag="650"><subfield code="a">Navajo language.</subfield></datafield><datafield ind1=" " ind2=" " tag="035"><subfield code="a">(TxDaGIAL)37741100016171</subfield></datafield><controlfield tag="005">20080624161554.0</controlfield><controlfield tag="001">8590</controlfield><controlfield tag="003">TxDaGIAL</controlfield><datafield ind1=" " ind2=" " tag="852"><subfield code="p">37741100016171</subfield><subfield code="a">Library</subfield><subfield code="x">COPYID:10127</subfield><subfield code="x">FSC@aRegular@c19970325</subfield><subfield code="h">306.4497 F966s 1982</subfield><subfield code="z">8287</subfield></datafield><datafield ind1=" " ind2=" " tag="852"><subfield code="p">37741100016172</subfield><subfield code="a">Library</subfield><subfield code="x">COPYID:10128</subfield><subfield code="x">FSC@aRegular@c19970325</subfield><subfield code="h">306.4497 F966s 1982</subfield><subfield code="z">8930</subfield></datafield></record>