
<record><leader>00930nam a2200277 a 4500</leader><controlfield tag="008">860616c19801979enk           00010 eng  </controlfield><datafield ind1=" " ind2=" " tag="010"><subfield code="a">   81142235</subfield></datafield><datafield ind1=" " ind2=" " tag="015"><subfield code="a">GB80-24422</subfield></datafield><datafield ind1=" " ind2=" " tag="040"><subfield code="a">DLC</subfield><subfield code="c">DLC</subfield><subfield code="d">TxDaGIAL</subfield></datafield><datafield ind1="0" ind2=" " tag="041"><subfield code="a">engara</subfield></datafield><datafield ind1=" " ind2=" " tag="043"><subfield code="a">f-sj---</subfield></datafield><datafield ind1="0" ind2=" " tag="050"><subfield code="a">PJ6901.S8</subfield><subfield code="b">P47 1980</subfield></datafield><datafield ind1="0" ind2=" " tag="082"><subfield code="a">492/.77/09624</subfield><subfield code="2">19</subfield></datafield><datafield ind1="1" ind2="0" tag="100"><subfield code="a">Persson, Andrew.</subfield></datafield><datafield ind1="1" ind2="0" tag="245"><subfield code="a">Sudanese colloquial Arabic for beginners /</subfield><subfield code="c">by Andrew and Janet Persson with Ahmad Hussein.</subfield></datafield><datafield ind1="0" ind2=" " tag="260"><subfield code="a">High Wycombe, England :</subfield><subfield code="b">Summer Institute of Linguistics,</subfield><subfield code="c">[1980, c1979]</subfield></datafield><datafield ind1=" " ind2=" " tag="300"><subfield code="a">viii, 272 p. ;</subfield><subfield code="c">30 cm.</subfield></datafield><datafield ind1=" " ind2=" " tag="500"><subfield code="a">English and Arabic.</subfield></datafield><datafield ind1=" " ind2="0" tag="650"><subfield code="a">Arabic language</subfield><subfield code="x">Dialects</subfield><subfield code="z">Sudan</subfield><subfield code="x">Grammar.</subfield></datafield><datafield ind1="1" ind2="0" tag="700"><subfield code="a">Persson, Janet.</subfield></datafield><datafield ind1="1" ind2="0" tag="700"><subfield code="a">Hussein, Ahmad.</subfield></datafield><datafield ind1=" " ind2=" " tag="035"><subfield code="a">(TxDaGIAL)37741100007677</subfield></datafield><controlfield tag="005">20080624161559.0</controlfield><controlfield tag="001">8615</controlfield><controlfield tag="003">TxDaGIAL</controlfield><datafield ind1=" " ind2=" " tag="852"><subfield code="p">37741100007677</subfield><subfield code="a">Library</subfield><subfield code="x">COPYID:10162</subfield><subfield code="x">FSC@aRegular@c19950906</subfield><subfield code="h">492.7709624 P467s 1980</subfield><subfield code="z">6738</subfield></datafield></record>