
<record><leader>01116pam a2200277 a 4500</leader><controlfield tag="008">940708s1993    caua     b   s001 0 eng  </controlfield><datafield ind1=" " ind2=" " tag="010"><subfield code="a">   93004560</subfield></datafield><datafield ind1=" " ind2=" " tag="020"><subfield code="a">0520097750 (pbk.) :</subfield><subfield code="c">$82.00</subfield></datafield><datafield ind1=" " ind2=" " tag="040"><subfield code="a">DLC</subfield><subfield code="c">DLC</subfield><subfield code="d">DLC</subfield><subfield code="d">TxDaGIAL</subfield></datafield><datafield ind1="0" ind2="0" tag="050"><subfield code="a">PL8701</subfield><subfield code="b">.N87 1993</subfield></datafield><datafield ind1="0" ind2="0" tag="082"><subfield code="a">496/.392</subfield><subfield code="2">20</subfield></datafield><datafield ind1="1" ind2=" " tag="100"><subfield code="a">Nurse, Derek.</subfield></datafield><datafield ind1="1" ind2="0" tag="245"><subfield code="a">Swahili and Sabaki :</subfield><subfield code="b">a linguistic history /</subfield><subfield code="c">Derek Nurse and Thomas J. Hinnebusch ; edited by Thomas J. Hinnebusch ; with a special addendum by G&#233;rard Philipson.</subfield></datafield><datafield ind1=" " ind2=" " tag="260"><subfield code="a">Berkeley :</subfield><subfield code="b">University of California Press,</subfield><subfield code="c">c1993.</subfield></datafield><datafield ind1=" " ind2=" " tag="300"><subfield code="a">xxxii, 780 p. :</subfield><subfield code="b">ill. ;</subfield><subfield code="c">26 cm.</subfield></datafield><datafield ind1=" " ind2="0" tag="440"><subfield code="a">University of California publications in linguistics ;</subfield><subfield code="v">121</subfield></datafield><datafield ind1=" " ind2=" " tag="504"><subfield code="a">Includes bibliographical references (p. 727-753) and index.</subfield></datafield><datafield ind1=" " ind2="0" tag="650"><subfield code="a">Swahili language</subfield><subfield code="x">History.</subfield></datafield><datafield ind1=" " ind2="0" tag="650"><subfield code="a">Bantu languages</subfield><subfield code="x">History.</subfield></datafield><datafield ind1="1" ind2="0" tag="700"><subfield code="a">Hinnebusch, Thomas J.</subfield></datafield><datafield ind1="1" ind2="0" tag="700"><subfield code="a">Philipson, G&#233;rard.</subfield></datafield><datafield ind1=" " ind2=" " tag="035"><subfield code="a">(TxDaGIAL)37741100005816</subfield></datafield><controlfield tag="005">20080624161609.0</controlfield><controlfield tag="001">8655</controlfield><controlfield tag="003">TxDaGIAL</controlfield><datafield ind1=" " ind2=" " tag="852"><subfield code="p">37741100005816</subfield><subfield code="a">Library</subfield><subfield code="9">$71.34</subfield><subfield code="x">COPYID:10220</subfield><subfield code="x">FSC@aRegular@c19950721</subfield><subfield code="h">496.392 N974s 1993</subfield><subfield code="z">B/T  7-95</subfield></datafield></record>