
<record><leader>00619cam a2200193Ii 4500</leader><controlfield tag="008">750912s1961    dcu          s00000 eng  </controlfield><datafield ind1=" " ind2=" " tag="040"><subfield code="a">TxDaGIAL</subfield><subfield code="c">TxDaGIAL</subfield></datafield><datafield ind1="2" ind2="0" tag="110"><subfield code="a">Foreign Service Institute (U.S.)</subfield></datafield><datafield ind1="1" ind2="0" tag="245"><subfield code="a">Swahili basic course.</subfield></datafield><datafield ind1="0" ind2=" " tag="260"><subfield code="a">Washington :</subfield><subfield code="b">Dept. of State for,</subfield><subfield code="c">1961.</subfield></datafield><datafield ind1=" " ind2=" " tag="300"><subfield code="a">various pagings ;</subfield><subfield code="c">29 cm.</subfield></datafield><datafield ind1=" " ind2=" " tag="546"><subfield code="a">English.</subfield></datafield><datafield ind1=" " ind2="0" tag="650"><subfield code="a">Swahili language</subfield><subfield code="x">Grammar.</subfield></datafield><datafield ind1="1" ind2="0" tag="700"><subfield code="a">Stevick, Earl W.</subfield></datafield><datafield ind1=" " ind2=" " tag="035"><subfield code="a">(TxDaGIAL)37741100015880</subfield></datafield><controlfield tag="005">20080624161609.0</controlfield><controlfield tag="001">8656</controlfield><controlfield tag="003">TxDaGIAL</controlfield><datafield ind1=" " ind2=" " tag="852"><subfield code="p">37741100015880</subfield><subfield code="a">Library</subfield><subfield code="x">COPYID:10221</subfield><subfield code="x">FSC@aRegular@c19970314</subfield><subfield code="h">496.392 S848s 1961</subfield><subfield code="z">Gift 11-91</subfield></datafield></record>