
<record><leader>01087pam a2200289 a 4500</leader><controlfield tag="008">810422s1981    enk      b    00010 eng  </controlfield><datafield ind1=" " ind2=" " tag="010"><subfield code="a">   81005884</subfield></datafield><datafield ind1=" " ind2=" " tag="020"><subfield code="a">071000849X :</subfield><subfield code="c">$13.00</subfield></datafield><datafield ind1=" " ind2=" " tag="040"><subfield code="a">DLC</subfield><subfield code="c">DLC</subfield><subfield code="d">DLC</subfield><subfield code="d">OCoLC</subfield></datafield><datafield ind1="1" ind2=" " tag="041"><subfield code="a">eng</subfield><subfield code="h">rus</subfield></datafield><datafield ind1="1" ind2="0" tag="050"><subfield code="a">PL8702</subfield><subfield code="b">.M54 1981</subfield></datafield><datafield ind1="0" ind2="0" tag="082"><subfield code="a">496/.392</subfield><subfield code="2">19</subfield></datafield><datafield ind1="1" ind2="0" tag="100"><subfield code="a">M&#65056;i&#65057;achina, E. N.</subfield><subfield code="q">(Ekaterina Nikolaevna)</subfield></datafield><datafield ind1="1" ind2="0" tag="240"><subfield code="a">&#65056;I&#65057;Azyk suakhili.</subfield><subfield code="l">English.</subfield></datafield><datafield ind1="1" ind2="4" tag="245"><subfield code="a">The Swahili language :</subfield><subfield code="b">a descriptive grammar /</subfield><subfield code="c">E.N. Myachina ; translated by G.L. Campbell.</subfield></datafield><datafield ind1="0" ind2=" " tag="260"><subfield code="a">London ;</subfield><subfield code="a">Boston :</subfield><subfield code="b">Routledge &amp; Kegan Paul,</subfield><subfield code="c">1981.</subfield></datafield><datafield ind1=" " ind2=" " tag="300"><subfield code="a">vii, 86 p. ;</subfield><subfield code="c">22 cm.</subfield></datafield><datafield ind1="1" ind2=" " tag="490"><subfield code="a">Languages of Asia and Africa,</subfield><subfield code="x">0261-0116 ;</subfield><subfield code="v">v. 1</subfield></datafield><datafield ind1=" " ind2=" " tag="500"><subfield code="a">Translation of: &#65056;I&#65057;Azyk suakhili.</subfield></datafield><datafield ind1=" " ind2=" " tag="504"><subfield code="a">Bibliography: p. 84-86.</subfield></datafield><datafield ind1=" " ind2="0" tag="650"><subfield code="a">Swahili language</subfield><subfield code="x">Grammar.</subfield></datafield><datafield ind1=" " ind2="0" tag="830"><subfield code="a">Languages of Asia and Africa (Routledge &amp; Kegan Paul) ;</subfield><subfield code="v">v. 1.</subfield></datafield><datafield ind1=" " ind2=" " tag="035"><subfield code="a">(TxDaGIAL)37741100006939</subfield></datafield><controlfield tag="005">20080624161609.0</controlfield><controlfield tag="001">8658</controlfield><controlfield tag="003">TxDaGIAL</controlfield><datafield ind1=" " ind2=" " tag="852"><subfield code="p">37741100006939</subfield><subfield code="a">Library</subfield><subfield code="x">COPYID:10223</subfield><subfield code="x">FSC@aRegular@c19950816</subfield><subfield code="h">496.3925 M618s 1981</subfield><subfield code="z">7969</subfield></datafield></record>