
<record><leader>01170nam a2200265 a 4500</leader><controlfield tag="008">920929s1992    txu      b    001 0 eng  </controlfield><datafield ind1=" " ind2=" " tag="010"><subfield code="a">   92080355</subfield></datafield><datafield ind1=" " ind2=" " tag="020"><subfield code="a">0883128136</subfield></datafield><datafield ind1=" " ind2=" " tag="040"><subfield code="a">DLC</subfield><subfield code="c">DLC</subfield></datafield><datafield ind1="0" ind2="0" tag="050"><subfield code="a">PM1571</subfield><subfield code="b">.R57 1992</subfield></datafield><datafield ind1="0" ind2="0" tag="082"><subfield code="a">497/.3</subfield><subfield code="2">20</subfield></datafield><datafield ind1="1" ind2=" " tag="100"><subfield code="a">Rising, David P.</subfield></datafield><datafield ind1="1" ind2="0" tag="245"><subfield code="a">Switch reference in Koasati discourse /</subfield><subfield code="c">David P. Rising.</subfield></datafield><datafield ind1=" " ind2=" " tag="260"><subfield code="a">Dallas :</subfield><subfield code="b">Summer Institute of Linguistics ;</subfield><subfield code="a">Arlington :</subfield><subfield code="b">University of Texas at Arlington,</subfield><subfield code="c">1992.</subfield></datafield><datafield ind1=" " ind2=" " tag="300"><subfield code="a">xii, 86 p. ;</subfield><subfield code="c">23 cm.</subfield></datafield><datafield ind1=" " ind2="0" tag="440"><subfield code="a">Summer Institute of Linguistics and the University of Texas at Arlington publications in linguistics,</subfield><subfield code="x">1040-0850 ;</subfield><subfield code="v">109</subfield></datafield><datafield ind1=" " ind2=" " tag="502"><subfield code="a">Revision of the author's thesis (M.A.)--University of Texas, 1990.</subfield></datafield><datafield ind1=" " ind2=" " tag="504"><subfield code="a">Includes bibliographical references (p. 79-84) and index.</subfield></datafield><datafield ind1=" " ind2="0" tag="650"><subfield code="a">Koasati language</subfield><subfield code="x">Switch-reference.</subfield></datafield><datafield ind1=" " ind2=" " tag="035"><subfield code="a">(TxDaGIAL)37741100007129</subfield></datafield><controlfield tag="005">20080624161610.0</controlfield><controlfield tag="001">8662</controlfield><controlfield tag="003">TxDaGIAL</controlfield><datafield ind1=" " ind2=" " tag="852"><subfield code="p">37741100007129</subfield><subfield code="a">Library</subfield><subfield code="9">$6.40</subfield><subfield code="x">COPYID:10228</subfield><subfield code="x">FSC@aRegular@c19950823</subfield><subfield code="h">497.3 R595s 1992</subfield><subfield code="z">Bookstore 8-92</subfield></datafield><datafield ind1=" " ind2=" " tag="852"><subfield code="p">37741100007130</subfield><subfield code="a">Library</subfield><subfield code="9">$6.40</subfield><subfield code="x">COPYID:10229</subfield><subfield code="x">FSC@aRegular@c19950823</subfield><subfield code="h">497.3 R595s 1992</subfield><subfield code="z">Bookstore 8-92</subfield></datafield></record>