
<record><leader>01006nam a2200277 a 4500</leader><controlfield tag="008">840807s1984    ne a     b    00110 eng  </controlfield><datafield ind1=" " ind2=" " tag="010"><subfield code="a">   84195874</subfield></datafield><datafield ind1=" " ind2=" " tag="020"><subfield code="a">9067650161 (pbk.) :</subfield><subfield code="c">fl 44.00</subfield></datafield><datafield ind1=" " ind2=" " tag="020"><subfield code="a">906765017X (hard) :</subfield><subfield code="c">fl 64.00</subfield></datafield><datafield ind1=" " ind2=" " tag="040"><subfield code="a">DLC</subfield><subfield code="c">DLC</subfield></datafield><datafield ind1="0" ind2=" " tag="050"><subfield code="a">PF168</subfield><subfield code="b">.T76 1984</subfield></datafield><datafield ind1="0" ind2=" " tag="082"><subfield code="a">439.3/116</subfield><subfield code="2">19</subfield></datafield><datafield ind1="1" ind2="0" tag="100"><subfield code="a">Trommelen, Mieke.</subfield></datafield><datafield ind1="1" ind2="4" tag="245"><subfield code="a">The syllable in Dutch :</subfield><subfield code="b">with special reference to diminutive formation /</subfield><subfield code="c">Mieke Trommelen.</subfield></datafield><datafield ind1="0" ind2=" " tag="260"><subfield code="a">Dordrecht, Holland ;</subfield><subfield code="a">Cinnaminson, U.S.A. :</subfield><subfield code="b">Foris Publications,</subfield><subfield code="c">1984.</subfield></datafield><datafield ind1=" " ind2=" " tag="300"><subfield code="a">xi, 187 p. :</subfield><subfield code="b">ill. ;</subfield><subfield code="c">24 cm.</subfield></datafield><datafield ind1=" " ind2="0" tag="440"><subfield code="a">Publications in language sciences ;</subfield><subfield code="v">15</subfield></datafield><datafield ind1=" " ind2=" " tag="504"><subfield code="a">Bibliography: p. 181-185.</subfield></datafield><datafield ind1=" " ind2=" " tag="500"><subfield code="a">Includes index.</subfield></datafield><datafield ind1=" " ind2="0" tag="650"><subfield code="a">Dutch language</subfield><subfield code="x">Syllabication.</subfield></datafield><datafield ind1=" " ind2="0" tag="650"><subfield code="a">Dutch language</subfield><subfield code="x">Diminutives.</subfield></datafield><datafield ind1=" " ind2=" " tag="035"><subfield code="a">(TxDaGIAL)37741100007285</subfield></datafield><controlfield tag="005">20080624161610.0</controlfield><controlfield tag="001">8664</controlfield><controlfield tag="003">TxDaGIAL</controlfield><datafield ind1=" " ind2=" " tag="852"><subfield code="p">37741100007285</subfield><subfield code="a">Library</subfield><subfield code="9">$44.00</subfield><subfield code="x">COPYID:10231</subfield><subfield code="x">FSC@aRegular@c19950825</subfield><subfield code="h">439.3116 T849s 1984</subfield><subfield code="z">12249</subfield></datafield></record>