
<record><leader>00913pam a2200265 a 4500</leader><controlfield tag="008">820915s1983    maua     b    00010 eng  </controlfield><datafield ind1=" " ind2=" " tag="010"><subfield code="a">   82018638</subfield></datafield><datafield ind1=" " ind2=" " tag="020"><subfield code="a">0262081245</subfield></datafield><datafield ind1=" " ind2=" " tag="020"><subfield code="a">0262580608 (pbk.)</subfield></datafield><datafield ind1=" " ind2=" " tag="040"><subfield code="a">DLC</subfield><subfield code="c">DLC</subfield></datafield><datafield ind1="0" ind2=" " tag="050"><subfield code="a">PC4168</subfield><subfield code="b">.H37 1983</subfield></datafield><datafield ind1="0" ind2=" " tag="082"><subfield code="a">461/.6</subfield><subfield code="2">19</subfield></datafield><datafield ind1="1" ind2="0" tag="100"><subfield code="a">Harris, James W.</subfield><subfield code="q">(James Wesley)</subfield></datafield><datafield ind1="1" ind2="0" tag="245"><subfield code="a">Syllable structure and stress in Spanish :</subfield><subfield code="b">a nonlinear analysis /</subfield><subfield code="c">James W. Harris.</subfield></datafield><datafield ind1="0" ind2=" " tag="260"><subfield code="a">Cambridge, Mass. :</subfield><subfield code="b">MIT Press,</subfield><subfield code="c">c1983.</subfield></datafield><datafield ind1=" " ind2=" " tag="300"><subfield code="a">vii, 158 p. :</subfield><subfield code="b">ill. ;</subfield><subfield code="c">24 cm.</subfield></datafield><datafield ind1=" " ind2="0" tag="440"><subfield code="a">Linguistic inquiry monographs ;</subfield><subfield code="v">8</subfield></datafield><datafield ind1=" " ind2=" " tag="504"><subfield code="a">Bibliography: p. [153]-158.</subfield></datafield><datafield ind1=" " ind2="0" tag="650"><subfield code="a">Spanish language</subfield><subfield code="x">Syllabication.</subfield></datafield><datafield ind1=" " ind2="0" tag="650"><subfield code="a">Spanish language</subfield><subfield code="x">Prosodic analysis.</subfield></datafield><datafield ind1=" " ind2=" " tag="035"><subfield code="a">(TxDaGIAL)37741100007025</subfield></datafield><controlfield tag="005">20080624161611.0</controlfield><controlfield tag="001">8666</controlfield><controlfield tag="003">TxDaGIAL</controlfield><datafield ind1=" " ind2=" " tag="852"><subfield code="p">37741100007025</subfield><subfield code="a">Library</subfield><subfield code="x">COPYID:10233</subfield><subfield code="x">FSC@aRegular@c19950818</subfield><subfield code="h">461.6 H314s 1983</subfield><subfield code="z">10144</subfield></datafield></record>