
<record><leader>00988nam a2200277 a 4500</leader><controlfield tag="008">841126s1984    ne a     b    00010 eng  </controlfield><datafield ind1=" " ind2=" " tag="010"><subfield code="a">   84242477</subfield></datafield><datafield ind1=" " ind2=" " tag="020"><subfield code="a">9067650374 :</subfield><subfield code="c">fl 68.00</subfield></datafield><datafield ind1=" " ind2=" " tag="020"><subfield code="a">9067650382 (pbk.) :</subfield><subfield code="c">fl 48.00</subfield></datafield><datafield ind1=" " ind2=" " tag="040"><subfield code="a">DLC</subfield><subfield code="c">DLC</subfield></datafield><datafield ind1="0" ind2=" " tag="050"><subfield code="a">PF168</subfield><subfield code="b">.H8 1984</subfield></datafield><datafield ind1="0" ind2=" " tag="082"><subfield code="a">439.3/116</subfield><subfield code="2">19</subfield></datafield><datafield ind1="1" ind2="0" tag="100"><subfield code="a">Hulst, Harry van der.</subfield></datafield><datafield ind1="1" ind2="0" tag="245"><subfield code="a">Syllable structure and stress in Dutch /</subfield><subfield code="c">Harry van der Hulst.</subfield></datafield><datafield ind1="0" ind2=" " tag="260"><subfield code="a">Dordrecht, Holland ;</subfield><subfield code="a">Cinnaminson, U.S.A. :</subfield><subfield code="b">Foris Publications,</subfield><subfield code="c">1984.</subfield></datafield><datafield ind1=" " ind2=" " tag="300"><subfield code="a">260 p. :</subfield><subfield code="b">ill. ;</subfield><subfield code="c">24 cm.</subfield></datafield><datafield ind1=" " ind2="0" tag="440"><subfield code="a">Linguistic models ;</subfield><subfield code="v">8</subfield></datafield><datafield ind1=" " ind2=" " tag="504"><subfield code="a">Bibliography: p. [253]-260.</subfield></datafield><datafield ind1=" " ind2="0" tag="650"><subfield code="a">Dutch language</subfield><subfield code="x">Syllabication.</subfield></datafield><datafield ind1=" " ind2="0" tag="650"><subfield code="a">Dutch language</subfield><subfield code="x">Accents and accentuation.</subfield></datafield><datafield ind1=" " ind2="0" tag="650"><subfield code="a">Dutch language</subfield><subfield code="x">Grammar, Generative.</subfield></datafield><datafield ind1=" " ind2=" " tag="035"><subfield code="a">(TxDaGIAL)37741100007284</subfield></datafield><controlfield tag="005">20080624161611.0</controlfield><controlfield tag="001">8667</controlfield><controlfield tag="003">TxDaGIAL</controlfield><datafield ind1=" " ind2=" " tag="852"><subfield code="p">37741100007284</subfield><subfield code="a">Library</subfield><subfield code="9">$25.00</subfield><subfield code="x">COPYID:10234</subfield><subfield code="x">FSC@aRegular@c19950825</subfield><subfield code="h">439.3116 H917s 1984</subfield><subfield code="z">13408</subfield></datafield></record>