
<record><leader>01139nam a2200289 a 4500</leader><controlfield tag="008">930811s1989    inu      b    000 0 eng d</controlfield><datafield ind1=" " ind2=" " tag="010"><subfield code="a">   91105067</subfield></datafield><datafield ind1=" " ind2=" " tag="035"><subfield code="a">(OCoLC)21629200</subfield></datafield><datafield ind1=" " ind2=" " tag="040"><subfield code="a">TxHR</subfield><subfield code="c">TxHR</subfield><subfield code="d">DLC</subfield></datafield><datafield ind1=" " ind2=" " tag="042"><subfield code="a">lccopycat</subfield></datafield><datafield ind1="0" ind2="4" tag="050"><subfield code="a">PL1213</subfield><subfield code="b">.H86 1989</subfield></datafield><datafield ind1="1" ind2=" " tag="100"><subfield code="a">Hung, Tony T. N.</subfield></datafield><datafield ind1="1" ind2="0" tag="245"><subfield code="a">Syntactic and semantic aspects of Chinese tone sandhi /</subfield><subfield code="c">by Tony T.N. Hung.</subfield></datafield><datafield ind1=" " ind2=" " tag="260"><subfield code="a">Bloomington, Indiana :</subfield><subfield code="b">Indiana University Linguistics Club Publications,</subfield><subfield code="c">1989.</subfield></datafield><datafield ind1=" " ind2=" " tag="300"><subfield code="a">v, 155 p. ;</subfield><subfield code="c">28 cm.</subfield></datafield><datafield ind1=" " ind2=" " tag="500"><subfield code="a">"This work was originally prepared as a dissertation ... Doctor of Philosophy in Linguistics, University of California, San Diego, 1987"--T.p. verso.</subfield></datafield><datafield ind1=" " ind2=" " tag="500"><subfield code="a">Errata slip inserted.</subfield></datafield><datafield ind1=" " ind2=" " tag="504"><subfield code="a">Bibliography: p. 151-155.</subfield></datafield><datafield ind1=" " ind2="0" tag="650"><subfield code="a">Chinese language</subfield><subfield code="x">Tone.</subfield></datafield><datafield ind1=" " ind2="0" tag="650"><subfield code="a">Tone (Phonetics)</subfield></datafield><datafield ind1=" " ind2="0" tag="650"><subfield code="a">Chinese language</subfield><subfield code="x">Dialects</subfield><subfield code="x">Phonology.</subfield></datafield><datafield ind1="2" ind2="0" tag="710"><subfield code="a">Indiana University Linguistics Club.</subfield></datafield><datafield ind1=" " ind2=" " tag="035"><subfield code="a">(TxDaGIAL)37741100012540</subfield></datafield><controlfield tag="005">20080624161618.0</controlfield><controlfield tag="001">8697</controlfield><controlfield tag="003">TxDaGIAL</controlfield><datafield ind1=" " ind2=" " tag="852"><subfield code="p">37741100012540</subfield><subfield code="a">Library</subfield><subfield code="9">$11.30</subfield><subfield code="x">COPYID:10265</subfield><subfield code="x">FSC@aRegular@c19960717</subfield><subfield code="h">495.1 H936s 1989</subfield><subfield code="z">IULC 6-90</subfield></datafield></record>