
<record><leader>01099nam a2200277Ia 4500</leader><controlfield tag="008">910604s1991    caua    rb    00010 eng d</controlfield><datafield ind1=" " ind2=" " tag="035"><subfield code="a">(CU-UC)dlaisn7126703</subfield></datafield><datafield ind1=" " ind2=" " tag="040"><subfield code="a">CLU</subfield><subfield code="c">CLU</subfield><subfield code="d">TxDaGIAL</subfield></datafield><datafield ind1=" " ind2=" " tag="043"><subfield code="a">f-cg---</subfield></datafield><datafield ind1="0" ind2="0" tag="100"><subfield code="a">Kasangati Kikuni Wabongambilu Kinyalolo,</subfield><subfield code="d">1952-</subfield></datafield><datafield ind1="1" ind2="0" tag="245"><subfield code="a">Syntactic dependencies and the SPEC-head agreement hypothesis in Kilega /</subfield><subfield code="c">by Kasangati Kikuni Wabongambilu Kinyalolo.</subfield></datafield><datafield ind1="1" ind2=" " tag="260"><subfield code="c">1991.</subfield></datafield><datafield ind1=" " ind2=" " tag="300"><subfield code="a">86 p., (xvi, 330 leaves) :</subfield><subfield code="b">ill. ;</subfield><subfield code="c">28 cm.</subfield></datafield><datafield ind1=" " ind2="0" tag="440"><subfield code="a">UCLA dissertations in linguistics ;</subfield><subfield code="v">7</subfield></datafield><datafield ind1=" " ind2=" " tag="500"><subfield code="a">Vita.</subfield></datafield><datafield ind1=" " ind2=" " tag="502"><subfield code="a">Thesis (Ph. D.)--UCLA, 1991.</subfield></datafield><datafield ind1=" " ind2=" " tag="504"><subfield code="a">Bibliography: leaves 320-330.</subfield></datafield><datafield ind1=" " ind2=" " tag="546"><subfield code="a">English.</subfield></datafield><datafield ind1=" " ind2=" " tag="533"><subfield code="a">Facsim.</subfield><subfield code="b">[Los Angeles, Calif. :</subfield><subfield code="c">University],</subfield><subfield code="d">1991.</subfield></datafield><datafield ind1=" " ind2="0" tag="650"><subfield code="a">Kilega language</subfield><subfield code="x">Syntax.</subfield></datafield><datafield ind1="2" ind2="0" tag="610"><subfield code="a">University of California, Los Angeles.</subfield><subfield code="b">Department of Linguistics</subfield><subfield code="x">Dissertations.</subfield></datafield><datafield ind1=" " ind2=" " tag="035"><subfield code="a">(TxDaGIAL)37741100014089</subfield></datafield><controlfield tag="005">20080624161619.0</controlfield><controlfield tag="001">8703</controlfield><controlfield tag="003">TxDaGIAL</controlfield><datafield ind1=" " ind2=" " tag="852"><subfield code="p">37741100014089</subfield><subfield code="a">Library</subfield><subfield code="9">$10.00</subfield><subfield code="x">FUND:Ling</subfield><subfield code="x">COPYID:10274</subfield><subfield code="x">FSC@aRegular@c19961203</subfield><subfield code="h">496.39 K56s 1991</subfield><subfield code="z">Direct Order 11-96</subfield></datafield></record>