
<record><leader>00940nam a22002771i 4500</leader><controlfield tag="008">941117s1994    caua     b    001 0 eng  </controlfield><datafield ind1=" " ind2=" " tag="010"><subfield code="a">   93042211</subfield></datafield><datafield ind1=" " ind2=" " tag="020"><subfield code="a">0126135274</subfield></datafield><datafield ind1=" " ind2=" " tag="040"><subfield code="a">DLC</subfield><subfield code="c">TxDaGIAL</subfield><subfield code="d">TxDaGIAL</subfield></datafield><datafield ind1="0" ind2=" " tag="041"><subfield code="a">enghun</subfield></datafield><datafield ind1="0" ind2="0" tag="050"><subfield code="a">P1</subfield><subfield code="b">.S9 vol. 27</subfield></datafield><datafield ind1="0" ind2="0" tag="050"><subfield code="a">PH2361</subfield></datafield><datafield ind1="0" ind2="0" tag="082"><subfield code="a">494/.5115</subfield><subfield code="2">20</subfield></datafield><datafield ind1="0" ind2="4" tag="245"><subfield code="a">The Syntactic structure of Hungarian /</subfield><subfield code="c">edited by Ferenc Kiefer, Katalin E. Kiss.</subfield></datafield><datafield ind1=" " ind2=" " tag="260"><subfield code="a">San Diego :</subfield><subfield code="b">Academic Press,</subfield><subfield code="c">c1994.</subfield></datafield><datafield ind1=" " ind2=" " tag="300"><subfield code="a">xvi, 475 p. :</subfield><subfield code="b">ill. ;</subfield><subfield code="c">24 cm.</subfield></datafield><datafield ind1=" " ind2="0" tag="440"><subfield code="a">Syntax and semantics ;</subfield><subfield code="v">27</subfield></datafield><datafield ind1=" " ind2=" " tag="504"><subfield code="a">Includes bibliographical references (p. 462-463) and index.</subfield></datafield><datafield ind1=" " ind2="0" tag="650"><subfield code="a">Hungarian language</subfield><subfield code="x">Syntax.</subfield></datafield><datafield ind1="1" ind2="0" tag="700"><subfield code="a">Kiefer, Ferenc.</subfield></datafield><datafield ind1="1" ind2="0" tag="700"><subfield code="a">Kiss, Katalin &#201;.</subfield></datafield><datafield ind1=" " ind2=" " tag="035"><subfield code="a">(TxDaGIAL)37741100000669</subfield></datafield><controlfield tag="005">20080624161621.0</controlfield><controlfield tag="001">8709</controlfield><controlfield tag="003">TxDaGIAL</controlfield><datafield ind1=" " ind2=" " tag="852"><subfield code="p">37741100000669</subfield><subfield code="a">Library</subfield><subfield code="9">$79.00</subfield><subfield code="x">COPYID:10280</subfield><subfield code="x">FSC@aRegular@c19941117</subfield><subfield code="h">415 S955s vol.27 1994</subfield><subfield code="z">s.o. 11-11-94</subfield></datafield></record>