
<record><leader>00726nam a2200217Ia 4500</leader><controlfield tag="008">940527s1961    txu     r     000 0 eng d</controlfield><datafield ind1=" " ind2=" " tag="035"><subfield code="a">(CU-UC)dlaisn9205362</subfield></datafield><datafield ind1=" " ind2=" " tag="040"><subfield code="a">OSU</subfield><subfield code="c">OSU</subfield><subfield code="d">OCL</subfield><subfield code="d">CUY</subfield></datafield><datafield ind1="1" ind2=" " tag="100"><subfield code="a">Gamal-Eldin, Saad M.</subfield></datafield><datafield ind1="1" ind2="2" tag="245"><subfield code="a">A syntactic study of colloquial Egyptian Arabic /</subfield><subfield code="c">by Saad Mahmood Gamal-Eldin.</subfield></datafield><datafield ind1=" " ind2=" " tag="260"><subfield code="c">1961.</subfield></datafield><datafield ind1=" " ind2=" " tag="300"><subfield code="a">v, 168 p.</subfield></datafield><datafield ind1=" " ind2=" " tag="502"><subfield code="a">Thesis (Ph.D.)--University of Texas, 1961.</subfield></datafield><datafield ind1=" " ind2=" " tag="504"><subfield code="a">Bibliography: p. 166-168.</subfield></datafield><datafield ind1=" " ind2=" " tag="546"><subfield code="a">English.</subfield></datafield><datafield ind1=" " ind2="0" tag="650"><subfield code="a">Arabic language</subfield><subfield code="x">Dialects</subfield><subfield code="z">Egypt</subfield><subfield code="z">Cairo.</subfield></datafield><datafield ind1=" " ind2=" " tag="035"><subfield code="a">(TxDaGIAL)37741100014685</subfield></datafield><controlfield tag="005">20080624161621.0</controlfield><controlfield tag="001">8710</controlfield><controlfield tag="003">TxDaGIAL</controlfield><datafield ind1=" " ind2=" " tag="852"><subfield code="p">37741100014685</subfield><subfield code="a">Library</subfield><subfield code="x">COPYID:10281</subfield><subfield code="x">FSC@aRegular@c19970127</subfield><subfield code="h">492.77 G186s 1961</subfield><subfield code="z">2166</subfield></datafield></record>