
<record><leader>00813nam a2200229 a 4500</leader><controlfield tag="008">920824s1966    enk      b    000 0 eng d</controlfield><datafield ind1=" " ind2=" " tag="035"><subfield code="a">(CU-UC)7916234</subfield></datafield><datafield ind1=" " ind2=" " tag="040"><subfield code="a">CU-SB</subfield><subfield code="c">CU-SB</subfield></datafield><datafield ind1="1" ind2=" " tag="100"><subfield code="a">Naish, Constance Mary.</subfield></datafield><datafield ind1="1" ind2="2" tag="245"><subfield code="a">A syntactic study of Tlingit /</subfield><subfield code="c">by Constance Mary Naish.</subfield></datafield><datafield ind1=" " ind2=" " tag="260"><subfield code="c">1966.</subfield></datafield><datafield ind1=" " ind2=" " tag="300"><subfield code="a">253 leaves. ;</subfield><subfield code="c">26 cm.</subfield></datafield><datafield ind1=" " ind2=" " tag="502"><subfield code="a">Thesis (M.A.)--University of London, 1966.</subfield></datafield><datafield ind1=" " ind2=" " tag="504"><subfield code="a">Includes bibliographical references (leaves 250-253).</subfield></datafield><datafield ind1=" " ind2=" " tag="546"><subfield code="a">English.</subfield></datafield><datafield ind1="2" ind2="0" tag="610"><subfield code="a">University of London.</subfield><subfield code="b">School of Oriental and African Studies</subfield><subfield code="x">Dissertations.</subfield></datafield><datafield ind1=" " ind2="0" tag="650"><subfield code="a">Tlingit language</subfield><subfield code="x">Syntax.</subfield></datafield><datafield ind1=" " ind2=" " tag="035"><subfield code="a">(TxDaGIAL)37741100016181</subfield></datafield><controlfield tag="005">20080624161621.0</controlfield><controlfield tag="001">8711</controlfield><controlfield tag="003">TxDaGIAL</controlfield><datafield ind1=" " ind2=" " tag="852"><subfield code="p">37741100016181</subfield><subfield code="a">Library</subfield><subfield code="x">COPYID:10282</subfield><subfield code="x">FSC@aRegular@c19970325</subfield><subfield code="h">497.27 N158s 1966</subfield><subfield code="z">11702</subfield></datafield></record>