
<record><leader>00945cam a2200265 i 4500</leader><controlfield tag="008">790308s1979    nyu      b    00010 eng  </controlfield><datafield ind1=" " ind2=" " tag="010"><subfield code="a">   78066568 //r842</subfield></datafield><datafield ind1=" " ind2=" " tag="020"><subfield code="a">0824096762 :</subfield><subfield code="c">$30.00</subfield></datafield><datafield ind1=" " ind2=" " tag="040"><subfield code="a">DLC</subfield><subfield code="c">DLC</subfield></datafield><datafield ind1="0" ind2=" " tag="050"><subfield code="a">PM2007</subfield><subfield code="b">.S3 1979</subfield></datafield><datafield ind1=" " ind2=" " tag="082"><subfield code="a">497/.2</subfield></datafield><datafield ind1="1" ind2="0" tag="100"><subfield code="a">Schauber, Ellen.</subfield></datafield><datafield ind1="1" ind2="4" tag="245"><subfield code="a">The syntax and semantics of questions in Navajo /</subfield><subfield code="c">Ellen Schauber.</subfield></datafield><datafield ind1="0" ind2=" " tag="260"><subfield code="a">New York :</subfield><subfield code="b">Garland Pub.,</subfield><subfield code="c">1979.</subfield></datafield><datafield ind1=" " ind2=" " tag="300"><subfield code="a">313 p. ;</subfield><subfield code="c">23 cm.</subfield></datafield><datafield ind1=" " ind2="0" tag="440"><subfield code="a">Outstanding dissertations in linguistics</subfield></datafield><datafield ind1=" " ind2=" " tag="500"><subfield code="a">Originally presented as the author's thesis, Massachusetts Institute of Technology, 1975.</subfield></datafield><datafield ind1=" " ind2=" " tag="504"><subfield code="a">Bibliography: p. 309-313.</subfield></datafield><datafield ind1=" " ind2="0" tag="650"><subfield code="a">Navajo language</subfield><subfield code="x">Interrogative.</subfield></datafield><datafield ind1=" " ind2="0" tag="650"><subfield code="a">Navajo language</subfield><subfield code="x">Syntax.</subfield></datafield><datafield ind1=" " ind2=" " tag="035"><subfield code="a">(TxDaGIAL)37741100003616</subfield></datafield><controlfield tag="005">20080624161624.0</controlfield><controlfield tag="001">8726</controlfield><controlfield tag="003">TxDaGIAL</controlfield><datafield ind1=" " ind2=" " tag="852"><subfield code="p">37741100003616</subfield><subfield code="a">Library</subfield><subfield code="9">$30.00</subfield><subfield code="x">COPYID:10298</subfield><subfield code="x">FSC@aRegular@c19950419</subfield><subfield code="h">497.231 S313s 1979</subfield><subfield code="z">11643</subfield></datafield></record>