
<record><leader>00813nam a2200217 a 4500</leader><controlfield tag="008">970930s1966    txu           000 0 eng d</controlfield><datafield ind1=" " ind2=" " tag="040"><subfield code="a">TxDaGIAL</subfield><subfield code="c">TxDaGIAL</subfield></datafield><datafield ind1="1" ind2=" " tag="100"><subfield code="a">Rand, Earl.</subfield></datafield><datafield ind1="1" ind2="4" tag="245"><subfield code="a">The syntax of Chinese interrogative structures /</subfield><subfield code="c">by Earl James Rand.</subfield></datafield><datafield ind1=" " ind2=" " tag="260"><subfield code="c">1966.</subfield></datafield><datafield ind1=" " ind2=" " tag="300"><subfield code="a">vi, 123 leaves :</subfield><subfield code="b">ill., charts ;</subfield><subfield code="c">29 cm.</subfield></datafield><datafield ind1=" " ind2=" " tag="500"><subfield code="a">Published as The syntax of Mandarin interrogatives, Berkeley, 1969.</subfield></datafield><datafield ind1=" " ind2=" " tag="502"><subfield code="a">Thesis (Ph.D.)--The University of Texas, 1966.</subfield></datafield><datafield ind1=" " ind2=" " tag="504"><subfield code="a">Bibliography: leaves 121-123.</subfield></datafield><datafield ind1=" " ind2="0" tag="650"><subfield code="a">Chinese language</subfield><subfield code="x">Syntax.</subfield></datafield><datafield ind1="2" ind2="0" tag="610"><subfield code="a">University of Texas, Austin</subfield><subfield code="x">Dissertations.</subfield></datafield><datafield ind1=" " ind2=" " tag="035"><subfield code="a">(TxDaGIAL)37741100020741</subfield></datafield><controlfield tag="005">20080624161625.0</controlfield><controlfield tag="001">8730</controlfield><controlfield tag="003">TxDaGIAL</controlfield><datafield ind1=" " ind2=" " tag="852"><subfield code="p">37741100020741</subfield><subfield code="a">Library</subfield><subfield code="x">COPYID:10302</subfield><subfield code="x">FSC@aRegular@c19971003</subfield><subfield code="h">495.15 R186s 1966</subfield><subfield code="z">2773</subfield></datafield></record>