
<record><leader>00987nam a2200265 a 4500</leader><controlfield tag="008">850927s1984    gw a     b    00010 eng  </controlfield><datafield ind1=" " ind2=" " tag="010"><subfield code="a">   85210375</subfield></datafield><datafield ind1=" " ind2=" " tag="020"><subfield code="a">3871186724 (pbk.)</subfield></datafield><datafield ind1=" " ind2=" " tag="040"><subfield code="a">DLC</subfield><subfield code="c">DLC</subfield><subfield code="d">TxDaGIAL</subfield></datafield><datafield ind1="0" ind2=" " tag="050"><subfield code="a">PJ2532</subfield><subfield code="b">.S24 1984</subfield></datafield><datafield ind1="0" ind2=" " tag="082"><subfield code="a">493/.5</subfield><subfield code="2">19</subfield></datafield><datafield ind1="1" ind2="0" tag="100"><subfield code="a">Saeed, John I.</subfield></datafield><datafield ind1="1" ind2="4" tag="245"><subfield code="a">The syntax of focus &amp; topic in Somali /</subfield><subfield code="c">John Ibrahim Saeed.</subfield></datafield><datafield ind1="0" ind2=" " tag="260"><subfield code="a">Hamburg :</subfield><subfield code="b">H. Buske,</subfield><subfield code="c">c1984.</subfield></datafield><datafield ind1=" " ind2=" " tag="300"><subfield code="a">234 p. :</subfield><subfield code="b">ill. ;</subfield><subfield code="c">21 cm.</subfield></datafield><datafield ind1="1" ind2=" " tag="490"><subfield code="a">Cushitic language studies,</subfield><subfield code="x">0721-4340 =</subfield><subfield code="a">Kuschitische Sprachstudien ;</subfield><subfield code="v">Bd. 3</subfield></datafield><datafield ind1=" " ind2=" " tag="500"><subfield code="a">Based on thesis (doctoral)--School of Oriental &amp; African Studies (SOAS) in London, 1982.</subfield></datafield><datafield ind1=" " ind2=" " tag="504"><subfield code="a">Bibliography: p. 227-234.</subfield></datafield><datafield ind1=" " ind2="0" tag="650"><subfield code="a">Somali language</subfield><subfield code="x">Topic and comment.</subfield></datafield><datafield ind1=" " ind2="0" tag="830"><subfield code="a">Kuschitische Sprachstudien ;</subfield><subfield code="v">Bd. 3.</subfield></datafield><datafield ind1=" " ind2=" " tag="035"><subfield code="a">(TxDaGIAL)37741100007593</subfield></datafield><controlfield tag="005">20080624161625.0</controlfield><controlfield tag="001">8732</controlfield><controlfield tag="003">TxDaGIAL</controlfield><datafield ind1=" " ind2=" " tag="852"><subfield code="p">37741100007593</subfield><subfield code="a">Library</subfield><subfield code="x">COPYID:10304</subfield><subfield code="x">FSC@aRegular@c19950906</subfield><subfield code="h">493.5 S127s 1984</subfield><subfield code="z">12172</subfield></datafield></record>