
<record><leader>01027cam a2200277 a 4500</leader><controlfield tag="008">900604s1955    mdu      b    000 0 engm </controlfield><datafield ind1=" " ind2=" " tag="010"><subfield code="a">   55004744</subfield></datafield><datafield ind1=" " ind2=" " tag="035"><subfield code="a">(CU-UC)dlaisn2817068</subfield></datafield><datafield ind1=" " ind2=" " tag="040"><subfield code="a">DLC</subfield><subfield code="c">IAR</subfield><subfield code="d">IAR</subfield><subfield code="d">m.c.</subfield><subfield code="d">TxDaGIAL</subfield></datafield><datafield ind1=" " ind2=" " tag="043"><subfield code="a">a-ja---</subfield></datafield><datafield ind1="1" ind2=" " tag="100"><subfield code="a">Jorden, Eleanor Harz.</subfield></datafield><datafield ind1="1" ind2="4" tag="245"><subfield code="a">The syntax of modern colloquial Japanese.</subfield></datafield><datafield ind1=" " ind2=" " tag="260"><subfield code="a">Baltimore :</subfield><subfield code="b">Linguistic Society of America,</subfield><subfield code="c">1955.</subfield></datafield><datafield ind1=" " ind2=" " tag="300"><subfield code="a">v, 135 p. ;</subfield><subfield code="c">26 cm.</subfield></datafield><datafield ind1="1" ind2=" " tag="490"><subfield code="a">Language dissertations ;</subfield><subfield code="v">no. 52.</subfield></datafield><datafield ind1=" " ind2=" " tag="500"><subfield code="a">Supplement to Language; journal of the Linguistic Society of America, v. 31, no. 1, pt. 3, Jan.-March 1955.</subfield></datafield><datafield ind1=" " ind2=" " tag="502"><subfield code="a">Thesis--Yale.</subfield></datafield><datafield ind1=" " ind2=" " tag="504"><subfield code="a">Includes bibliographical references (p. 135).</subfield></datafield><datafield ind1=" " ind2="0" tag="650"><subfield code="a">Japanese language</subfield><subfield code="x">Syntax.</subfield></datafield><datafield ind1=" " ind2="0" tag="650"><subfield code="a">Japanese language</subfield><subfield code="x">Spoken Japanese.</subfield></datafield><datafield ind1=" " ind2="0" tag="830"><subfield code="a">Language dissertation ;</subfield><subfield code="v">no. 52.</subfield></datafield><datafield ind1=" " ind2=" " tag="035"><subfield code="a">(TxDaGIAL)37741100015077</subfield></datafield><controlfield tag="005">20080624161625.0</controlfield><controlfield tag="001">8733</controlfield><controlfield tag="003">TxDaGIAL</controlfield><datafield ind1=" " ind2=" " tag="852"><subfield code="p">37741100015077</subfield><subfield code="a">Library</subfield><subfield code="x">COPYID:10305</subfield><subfield code="x">FSC@aRegular@c19970211</subfield><subfield code="h">495.65 J82s 1955</subfield></datafield></record>