
<record><leader>00977pam a2200253 a 4500</leader><controlfield tag="008">861110s1987    ne a     b    00010 eng  </controlfield><datafield ind1=" " ind2=" " tag="010"><subfield code="a">   86031017</subfield></datafield><datafield ind1=" " ind2=" " tag="020"><subfield code="a">091502795X (U.S. : alk. paper) :</subfield><subfield code="c">$40.00</subfield></datafield><datafield ind1="0" ind2=" " tag="050"><subfield code="a">PM7875.S671</subfield><subfield code="b">S43 1987</subfield></datafield><datafield ind1="0" ind2=" " tag="082"><subfield code="a">427/.9883</subfield><subfield code="2">19</subfield></datafield><datafield ind1="1" ind2="0" tag="100"><subfield code="a">Sebba, Mark.</subfield></datafield><datafield ind1="1" ind2="4" tag="245"><subfield code="a">The syntax of serial verbs :</subfield><subfield code="b">an investigation into serialisation in Sranan and other languages /</subfield><subfield code="c">by Mark Sebba.</subfield></datafield><datafield ind1="0" ind2=" " tag="260"><subfield code="a">Amsterdam ;</subfield><subfield code="a">Philadelphia :</subfield><subfield code="b">J. Benjamins Pub. Co.,</subfield><subfield code="c">1987.</subfield></datafield><datafield ind1=" " ind2=" " tag="300"><subfield code="a">xii, 227 p. :</subfield><subfield code="b">ill. ;</subfield><subfield code="c">23 cm.</subfield></datafield><datafield ind1=" " ind2="0" tag="440"><subfield code="a">Creole language library,</subfield><subfield code="x">0920-9026 ;</subfield><subfield code="v">v. 2</subfield></datafield><datafield ind1=" " ind2=" " tag="504"><subfield code="a">Bibliography: p. [219]-227.</subfield></datafield><datafield ind1=" " ind2="0" tag="650"><subfield code="a">Sranan language</subfield><subfield code="x">Verb.</subfield></datafield><datafield ind1=" " ind2="0" tag="650"><subfield code="a">Sranan language</subfield><subfield code="x">Syntax.</subfield></datafield><datafield ind1=" " ind2="0" tag="650"><subfield code="a">Grammar, Comparative and general</subfield><subfield code="x">Verb.</subfield></datafield><datafield ind1=" " ind2=" " tag="035"><subfield code="a">(TxDaGIAL)37741100012125</subfield></datafield><controlfield tag="005">20080624161627.0</controlfield><controlfield tag="001">8738</controlfield><controlfield tag="003">TxDaGIAL</controlfield><datafield ind1=" " ind2=" " tag="852"><subfield code="p">37741100012125</subfield><subfield code="a">Library</subfield><subfield code="9">$32.00</subfield><subfield code="x">COPYID:10310</subfield><subfield code="x">FSC@aRegular@c19960625</subfield><subfield code="h">427.9883 S443s 1987</subfield><subfield code="z">B/T 1-89</subfield></datafield></record>