
<record><leader>00828cam a2200253   4500</leader><controlfield tag="008">710301s1970    ne       b    00100 eng  </controlfield><datafield ind1=" " ind2=" " tag="010"><subfield code="a">   74106468</subfield></datafield><datafield ind1=" " ind2=" " tag="015"><subfield code="a">Ne70-47</subfield></datafield><datafield ind1=" " ind2=" " tag="020"><subfield code="c">fl 21.00</subfield></datafield><datafield ind1=" " ind2=" " tag="040"><subfield code="a">DLC</subfield><subfield code="c">DLC</subfield><subfield code="d">TxDaGIAL</subfield></datafield><datafield ind1="0" ind2=" " tag="050"><subfield code="a">PC4315.R4</subfield><subfield code="b">B3</subfield></datafield><datafield ind1=" " ind2=" " tag="082"><subfield code="a">465</subfield></datafield><datafield ind1="1" ind2="0" tag="100"><subfield code="a">Babcock, Sandra Scharff.</subfield></datafield><datafield ind1="1" ind2="4" tag="245"><subfield code="a">The syntax of Spanish reflexive verbs :</subfield><subfield code="b">the parameters of the middle voice. /</subfield><subfield code="c">by Sandra Scharff Babcock.</subfield></datafield><datafield ind1="0" ind2=" " tag="260"><subfield code="a">The Hague :</subfield><subfield code="b">Mouton,</subfield><subfield code="c">1970.</subfield></datafield><datafield ind1=" " ind2=" " tag="300"><subfield code="a">96 p. ;</subfield><subfield code="c">26 cm.</subfield></datafield><datafield ind1=" " ind2="0" tag="440"><subfield code="a">Janua linguarum.</subfield><subfield code="p">Series practica ;</subfield><subfield code="v">105</subfield></datafield><datafield ind1=" " ind2=" " tag="504"><subfield code="a">Bibliography: p. [92]-94.</subfield></datafield><datafield ind1=" " ind2="0" tag="650"><subfield code="a">Spanish language</subfield><subfield code="x">Verb.</subfield></datafield><datafield ind1=" " ind2=" " tag="035"><subfield code="a">(TxDaGIAL)37741100007027</subfield></datafield><controlfield tag="005">20080624161627.0</controlfield><controlfield tag="001">8739</controlfield><controlfield tag="003">TxDaGIAL</controlfield><datafield ind1=" " ind2=" " tag="852"><subfield code="p">37741100007027</subfield><subfield code="a">Library</subfield><subfield code="x">COPYID:10311</subfield><subfield code="x">FSC@aRegular@c19950818</subfield><subfield code="h">465 B112s 1970</subfield><subfield code="z">3480</subfield></datafield></record>