
<record><leader>00772nam a2200241Ii 4500</leader><controlfield tag="008">781218s1966    enk      b    00110 eng d</controlfield><datafield ind1=" " ind2=" " tag="035"><subfield code="a">(CU-UC)dlaisn6556969</subfield></datafield><datafield ind1=" " ind2=" " tag="040"><subfield code="a">JNA</subfield><subfield code="c">JNA</subfield><subfield code="d">CLU</subfield></datafield><datafield ind1="1" ind2="0" tag="100"><subfield code="a">Day, A. Colin.</subfield></datafield><datafield ind1="1" ind2="4" tag="245"><subfield code="a">The syntax of Tho, a Tai language of Vietnam /</subfield><subfield code="c">by Arthur Colin Day.</subfield></datafield><datafield ind1="0" ind2=" " tag="260"><subfield code="c">1966.</subfield></datafield><datafield ind1=" " ind2=" " tag="300"><subfield code="a">149 leaves ;</subfield><subfield code="c">26 cm.</subfield></datafield><datafield ind1=" " ind2=" " tag="500"><subfield code="a">Thesis--University of London.</subfield></datafield><datafield ind1=" " ind2=" " tag="500"><subfield code="a">Includes index.</subfield></datafield><datafield ind1=" " ind2=" " tag="504"><subfield code="a">Bibliography: p. 143.</subfield></datafield><datafield ind1=" " ind2=" " tag="546"><subfield code="a">English.</subfield></datafield><datafield ind1=" " ind2=" " tag="502"><subfield code="a">Thesis (Ph.D.)--University of London, 1966.</subfield></datafield><datafield ind1=" " ind2="0" tag="650"><subfield code="a">Tho language</subfield><subfield code="x">Syntax.</subfield></datafield><datafield ind1=" " ind2=" " tag="035"><subfield code="a">(TxDaGIAL)37741100014910</subfield></datafield><controlfield tag="005">20080624161627.0</controlfield><controlfield tag="001">8743</controlfield><controlfield tag="003">TxDaGIAL</controlfield><datafield ind1=" " ind2=" " tag="852"><subfield code="p">37741100014910</subfield><subfield code="a">Library</subfield><subfield code="x">COPYID:10315</subfield><subfield code="x">FSC@aRegular@c19970203</subfield><subfield code="h">495.919 D273s 1966</subfield><subfield code="z">2746</subfield></datafield></record>