
<record><leader>01021cam a2200265   4500</leader><controlfield tag="008">710826s1971    hiu           00010 eng  </controlfield><datafield ind1=" " ind2=" " tag="010"><subfield code="a">   77148651 //r882</subfield></datafield><datafield ind1=" " ind2=" " tag="020"><subfield code="a">0870226789</subfield></datafield><datafield ind1=" " ind2=" " tag="040"><subfield code="a">DLC</subfield><subfield code="c">DLC</subfield><subfield code="d">TxDaGIAL</subfield></datafield><datafield ind1="0" ind2=" " tag="041"><subfield code="a">engtag</subfield></datafield><datafield ind1="0" ind2=" " tag="050"><subfield code="a">PL6053</subfield><subfield code="b">.R28</subfield></datafield><datafield ind1=" " ind2=" " tag="082"><subfield code="a">499/.211/82421</subfield></datafield><datafield ind1="1" ind2="0" tag="100"><subfield code="a">Ramos, Teresita V.</subfield></datafield><datafield ind1="1" ind2="0" tag="245"><subfield code="a">Tagalog for beginners /</subfield><subfield code="c">by Teresita V. Ramos and Videa de Guzman.</subfield></datafield><datafield ind1="0" ind2=" " tag="260"><subfield code="a">Honolulu :</subfield><subfield code="b">University of Hawaii Press,</subfield><subfield code="c">1971.</subfield></datafield><datafield ind1=" " ind2=" " tag="300"><subfield code="a">863 p. ;</subfield><subfield code="c">23 cm.</subfield></datafield><datafield ind1="1" ind2=" " tag="490"><subfield code="a">Pacific and Asian Linguistics Institute. PALI language texts: Philippines</subfield></datafield><datafield ind1=" " ind2="0" tag="650"><subfield code="a">Tagalog language</subfield><subfield code="v">Textbooks for foreign speakers</subfield><subfield code="x">English.</subfield></datafield><datafield ind1="1" ind2="0" tag="700"><subfield code="a">De Guzman, Videa P.,</subfield><subfield code="d">1935-</subfield><subfield code="e">joint author.</subfield></datafield><datafield ind1="1" ind2=" " tag="810"><subfield code="a">Hawaii.</subfield><subfield code="b">University, Honolulu.</subfield><subfield code="b">Pacific and Asian Linguistics Institute.</subfield><subfield code="t">PALI language texts.</subfield></datafield><datafield ind1=" " ind2=" " tag="035"><subfield code="a">(TxDaGIAL)37741100011142</subfield></datafield><controlfield tag="005">20080624161633.0</controlfield><controlfield tag="001">8770</controlfield><controlfield tag="003">TxDaGIAL</controlfield><datafield ind1=" " ind2=" " tag="852"><subfield code="p">37741100011142</subfield><subfield code="a">Library</subfield><subfield code="x">COPYID:10354</subfield><subfield code="x">FSC@aRegular@c19960426</subfield><subfield code="h">499.2141 R175t 1971</subfield><subfield code="z">2094</subfield></datafield></record>