
<record><leader>00771nam a22002177a 4500</leader><controlfield tag="008">870416 1981    ja            0 0 0 eng  </controlfield><datafield ind1=" " ind2=" " tag="035"><subfield code="a">(CU-UC)dlaisn3543960</subfield></datafield><datafield ind1="1" ind2="0" tag="100"><subfield code="a">Tokunaga, Muneo.</subfield></datafield><datafield ind1="1" ind2="0" tag="245"><subfield code="a">Tamil.</subfield></datafield><datafield ind1="0" ind2=" " tag="260"><subfield code="a">[Tokyo] :</subfield><subfield code="b">Institute for the Study of Languages and Cultures of Asia and Africa, Tokyo Gaikokugo Daigaku,</subfield><subfield code="c">1981.</subfield></datafield><datafield ind1=" " ind2=" " tag="300"><subfield code="a">[4], 47 leaves.</subfield></datafield><datafield ind1="1" ind2=" " tag="490"><subfield code="a">Asian and African grammatical manual ;</subfield><subfield code="v">no. 13x</subfield></datafield><datafield ind1=" " ind2=" " tag="504"><subfield code="a">Includes bibliography.</subfield></datafield><datafield ind1=" " ind2=" " tag="546"><subfield code="a">English.</subfield></datafield><datafield ind1=" " ind2="0" tag="650"><subfield code="a">Tamil language.</subfield></datafield><datafield ind1=" " ind2="0" tag="830"><subfield code="a">Asian and African grammatical manual ;</subfield><subfield code="v">no. 13x.</subfield></datafield><datafield ind1=" " ind2=" " tag="035"><subfield code="a">(TxDaGIAL)37741100014743</subfield></datafield><controlfield tag="005">20080624161638.0</controlfield><controlfield tag="001">8793</controlfield><controlfield tag="003">TxDaGIAL</controlfield><datafield ind1=" " ind2=" " tag="852"><subfield code="p">37741100014743</subfield><subfield code="a">Library</subfield><subfield code="x">COPYID:10383</subfield><subfield code="x">FSC@aRegular@c19970127</subfield><subfield code="h">494.811 T646t 1981</subfield><subfield code="z">11507</subfield></datafield></record>