
<record><leader>00761nam a2200253Ii 4500</leader><controlfield tag="008">740405s1966    ii            00010 eng u</controlfield><datafield ind1=" " ind2=" " tag="010"><subfield code="a">sa 67007891</subfield></datafield><datafield ind1=" " ind2=" " tag="035"><subfield code="a">(CU-UC)dlaisn6558253</subfield></datafield><datafield ind1=" " ind2=" " tag="040"><subfield code="c">BOS</subfield><subfield code="d">CLU</subfield></datafield><datafield ind1=" " ind2=" " tag="050"><subfield code="a">PL4755</subfield><subfield code="b">.S46</subfield></datafield><datafield ind1=" " ind2=" " tag="082"><subfield code="a">494/.8116/42</subfield></datafield><datafield ind1="1" ind2="0" tag="100"><subfield code="a">Shanmukham, M.,</subfield><subfield code="d">1919-</subfield></datafield><datafield ind1="1" ind2="2" tag="245"><subfield code="a">A Tamil reader for beginners.</subfield></datafield><datafield ind1=" " ind2=" " tag="250"><subfield code="a">[1st ed.</subfield></datafield><datafield ind1="0" ind2=" " tag="260"><subfield code="a">Chidambaram? :</subfield><subfield code="b">S. Muthu Chidambaram,</subfield><subfield code="c">1966-</subfield></datafield><datafield ind1=" " ind2=" " tag="300"><subfield code="a">v. 1- ;</subfield><subfield code="c">14 x 23 cm.</subfield></datafield><datafield ind1=" " ind2=" " tag="500"><subfield code="a">Pt. 2 published by N. Muthammal.</subfield></datafield><datafield ind1=" " ind2=" " tag="546"><subfield code="a">English.</subfield></datafield><datafield ind1=" " ind2="0" tag="650"><subfield code="a">Tamil language</subfield><subfield code="v">Readers.</subfield></datafield><datafield ind1=" " ind2=" " tag="035"><subfield code="a">(TxDaGIAL)37741100014735</subfield></datafield><controlfield tag="005">20080624161638.0</controlfield><controlfield tag="001">8794</controlfield><controlfield tag="003">TxDaGIAL</controlfield><datafield ind1=" " ind2=" " tag="852"><subfield code="p">37741100014735</subfield><subfield code="a">Library</subfield><subfield code="x">COPYID:10384</subfield><subfield code="x">FSC@aRegular@c19970127</subfield><subfield code="h">494.811 P641t 1966</subfield><subfield code="z">544</subfield></datafield></record>