
<record><leader>01362nam a2200301 i 4500</leader><controlfield tag="008">790525s1959    mx            00010 spa  </controlfield><datafield ind1=" " ind2=" " tag="010"><subfield code="a">   61033538</subfield></datafield><datafield ind1=" " ind2=" " tag="035"><subfield code="a">(CU-UC)3692746</subfield></datafield><datafield ind1=" " ind2=" " tag="040"><subfield code="a">DLC</subfield><subfield code="c">IPL</subfield><subfield code="d">CLU</subfield></datafield><datafield ind1="0" ind2=" " tag="041"><subfield code="a">spacai</subfield></datafield><datafield ind1="0" ind2=" " tag="050"><subfield code="a">PM4291</subfield><subfield code="b">.H5</subfield></datafield><datafield ind1=" " ind2=" " tag="094"><subfield code="a">tac00</subfield><subfield code="2">ROPAL</subfield></datafield><datafield ind1="1" ind2="0" tag="100"><subfield code="a">Hilton, K. Sim&#243;n</subfield><subfield code="q">(Kenneth Sim&#243;n)</subfield></datafield><datafield ind1="1" ind2="0" tag="245"><subfield code="a">Tarahumara y espa&#241;ol /</subfield><subfield code="c">compilado por K. Simon Hilton con colaboraci&#243;n de Ram&#243;n L&#243;pez B. y Emiliano Carrasco T.</subfield></datafield><datafield ind1="0" ind2=" " tag="260"><subfield code="a">Mexico :</subfield><subfield code="b">Instituto Ling&#252;&#237;stico de Verano en cooperac&#237;on con la Direcci&#243;n General de Asuntos Ind&#237;genas de la Secretar&#237;a de Educaci&#243;n P&#250;blica,</subfield><subfield code="c">1959.</subfield></datafield><datafield ind1=" " ind2=" " tag="300"><subfield code="a">xvi, 216 p. :</subfield><subfield code="b">illus. ;</subfield><subfield code="c">21 cm.</subfield></datafield><datafield ind1="0" ind2=" " tag="490"><subfield code="a">Serie de vocabularios [y diccionarios] ind&#237;genas &quot;Mariano Silva y Aceves&quot;; n&#250;m. 1</subfield></datafield><datafield ind1=" " ind2=" " tag="500"><subfield code="a">Cover title: Vocabulario tarahumara.</subfield></datafield><datafield ind1=" " ind2=" " tag="546"><subfield code="a">Spanish.</subfield></datafield><datafield ind1=" " ind2="0" tag="650"><subfield code="a">Tarahumara language</subfield><subfield code="v">Dictionaries</subfield><subfield code="x">Spanish.</subfield></datafield><datafield ind1=" " ind2="0" tag="650"><subfield code="a">Spanish language</subfield><subfield code="v">Dictionaries</subfield><subfield code="x">Tarahumara.</subfield></datafield><datafield ind1=" " ind2=" " tag="035"><subfield code="a">(TxDaGIAL)37741100016345</subfield></datafield><controlfield tag="005">20080624161640.0</controlfield><controlfield tag="001">8802</controlfield><controlfield tag="003">TxDaGIAL</controlfield><datafield ind1=" " ind2=" " tag="852"><subfield code="p">37741100016345</subfield><subfield code="a">Library</subfield><subfield code="x">COPYID:10393</subfield><subfield code="x">FSC@aRegular@c19970328</subfield><subfield code="h">497.45 H656t 1959</subfield></datafield><datafield ind1=" " ind2=" " tag="852"><subfield code="p">37741100016346</subfield><subfield code="a">Library</subfield><subfield code="x">COPYID:10394</subfield><subfield code="x">FSC@aRegular@c19970328</subfield><subfield code="h">497.45 H656t 1959</subfield><subfield code="z">1914</subfield></datafield><datafield ind1=" " ind2=" " tag="852"><subfield code="p">37741100016347</subfield><subfield code="a">Library</subfield><subfield code="x">COPYID:10395</subfield><subfield code="x">FSC@aRegular@c19970328</subfield><subfield code="h">497.45 H656t 1959</subfield><subfield code="z">3341</subfield></datafield></record>