
<record><leader>01402cam a2200337 a 4500</leader><controlfield tag="008">961127s1956    enk           000 0 eng d</controlfield><datafield ind1=" " ind2=" " tag="010"><subfield code="a">   57001093</subfield><subfield code="o">44451898</subfield></datafield><datafield ind1=" " ind2=" " tag="020"><subfield code="a">0340057408</subfield><subfield code="b">Pbk. :</subfield><subfield code="c">250</subfield></datafield><datafield ind1=" " ind2=" " tag="040"><subfield code="d">TxDaGIAL</subfield></datafield><datafield ind1="0" ind2=" " tag="041"><subfield code="a">engurd</subfield></datafield><datafield ind1=" " ind2="0" tag="050"><subfield code="a">PK1975</subfield><subfield code="b">.B37 1956</subfield></datafield><datafield ind1=" " ind2=" " tag="082"><subfield code="a">491.43</subfield></datafield><datafield ind1="1" ind2="0" tag="100"><subfield code="a">Bailey, Thomas Grahame,</subfield><subfield code="d">1872-1942.</subfield></datafield><datafield ind1="1" ind2="0" tag="245"><subfield code="a">Urdu /</subfield><subfield code="c">T. Grahame Bailey ; edited by J. R. Firth and A. H. Harley.</subfield></datafield><datafield ind1=" " ind2=" " tag="250"><subfield code="a">Revised and adjusted</subfield></datafield><datafield ind1="0" ind2=" " tag="260"><subfield code="a">London :</subfield><subfield code="b">St. Paul's House</subfield><subfield code="a">New York</subfield><subfield code="b">D. McKay</subfield><subfield code="c">1956.</subfield></datafield><datafield ind1=" " ind2=" " tag="300"><subfield code="a">xxxix, 314 p. ;</subfield><subfield code="c">19 cm.</subfield></datafield><datafield ind1=" " ind2="0" tag="440"><subfield code="a">Teach yourself books.</subfield></datafield><datafield ind1=" " ind2=" " tag="500"><subfield code="a">First published in 1950 under title: Teach yourself Hindustani; in 1956,  revised and adjusted as: Teach yourself Urdu.</subfield></datafield><datafield ind1=" " ind2=" " tag="546"><subfield code="a">English with parallel text in Urdu.</subfield></datafield><datafield ind1=" " ind2="0" tag="650"><subfield code="a">Urdu language</subfield><subfield code="x">Self-instruction.</subfield></datafield><datafield ind1="1" ind2=" " tag="700"><subfield code="a">Bailey, Thomas Grahame,</subfield><subfield code="d">1872-1942</subfield><subfield code="t">Teach yourself Hindustani.</subfield></datafield><datafield ind1="1" ind2=" " tag="700"><subfield code="a">Bailey, Thomas Grahame,</subfield><subfield code="d">1872-1942</subfield><subfield code="t">Teach yourself Urdu.</subfield></datafield><datafield ind1="0" ind2="1" tag="740"><subfield code="a">Teach yourself Hindustani</subfield></datafield><datafield ind1="0" ind2="1" tag="740"><subfield code="a">Teach yourself Urdu</subfield></datafield><datafield ind1=" " ind2=" " tag="035"><subfield code="a">(TxDaGIAL)37741100014561</subfield></datafield><controlfield tag="005">20080624161642.0</controlfield><controlfield tag="001">8813</controlfield><controlfield tag="003">TxDaGIAL</controlfield><datafield ind1=" " ind2=" " tag="852"><subfield code="p">37741100014561</subfield><subfield code="a">Library</subfield><subfield code="x">COPYID:10410</subfield><subfield code="x">FSC@aRegular@c19970121</subfield><subfield code="h">491.439 B156u 1956</subfield><subfield code="z">11551</subfield></datafield><datafield ind1=" " ind2=" " tag="852"><subfield code="p">37741100022478</subfield><subfield code="a">Library</subfield><subfield code="9">$0.00</subfield><subfield code="x">COPYID:10411</subfield><subfield code="x">FSC@aRegular@c19980922</subfield><subfield code="h">491.439 B156u 1956</subfield><subfield code="z">Gift Maria &amp; Frank Brandon 07-98</subfield></datafield></record>