
<record><leader>01074nam a22003018a 4500</leader><controlfield tag="008">921217c19921982cau      b    00010 eng  </controlfield><datafield ind1=" " ind2=" " tag="010"><subfield code="a">   92044749</subfield></datafield><datafield ind1=" " ind2=" " tag="020"><subfield code="a">0944613152 :</subfield><subfield code="c">$23.50</subfield></datafield><datafield ind1=" " ind2=" " tag="040"><subfield code="a">DLC</subfield><subfield code="c">DLC</subfield></datafield><datafield ind1="0" ind2=" " tag="041"><subfield code="a">engtha</subfield></datafield><datafield ind1="0" ind2="0" tag="050"><subfield code="a">PL4163</subfield><subfield code="b">K8 1992</subfield></datafield><datafield ind1="0" ind2="0" tag="082"><subfield code="a">495.9/182421</subfield><subfield code="2">20</subfield></datafield><datafield ind1="1" ind2="0" tag="100"><subfield code="a">Kuo, William.</subfield></datafield><datafield ind1="1" ind2="0" tag="245"><subfield code="a">Teaching grammar of Thai =</subfield><subfield code="b">Ph&#257;s&#257; Thai r&#299;an sanuk &#269;hang /</subfield><subfield code="c">by William Kuo.</subfield></datafield><datafield ind1=" " ind2=" " tag="250"><subfield code="a">2nd ed.</subfield></datafield><datafield ind1="0" ind2=" " tag="260"><subfield code="a">Berkeley, Calif. :</subfield><subfield code="b">Centers for South and Southeast Asia Studies, University of California,</subfield><subfield code="c">1992, c1982.</subfield></datafield><datafield ind1=" " ind2=" " tag="263"><subfield code="a">9212.</subfield></datafield><datafield ind1=" " ind2=" " tag="300"><subfield code="a">p. cm.</subfield></datafield><datafield ind1=" " ind2=" " tag="500"><subfield code="a">English and Thai.</subfield></datafield><datafield ind1=" " ind2=" " tag="504"><subfield code="a">Includes bibliographical references.</subfield></datafield><datafield ind1=" " ind2="0" tag="650"><subfield code="a">Thai language</subfield><subfield code="x">Grammar.</subfield></datafield><datafield ind1="2" ind2="0" tag="710"><subfield code="a">University of California, Berkeley.</subfield><subfield code="b">Centers for South and Southeast Asia Studies.</subfield></datafield><datafield ind1="0" ind2="1" tag="740"><subfield code="a">Ph&#257;s&#257; Thai r&#299;an sanuk &#269;hang.</subfield></datafield><datafield ind1=" " ind2=" " tag="035"><subfield code="a">(TxDaGIAL)37741100009382</subfield></datafield><controlfield tag="005">20080624161649.0</controlfield><controlfield tag="001">8838</controlfield><controlfield tag="003">TxDaGIAL</controlfield><datafield ind1=" " ind2=" " tag="852"><subfield code="p">37741100009382</subfield><subfield code="a">Library</subfield><subfield code="9">$20.45</subfield><subfield code="x">COPYID:10438</subfield><subfield code="x">FSC@aRegular@c19951108</subfield><subfield code="h">495.911824 K96t 1992</subfield><subfield code="z">B/T 3-94</subfield></datafield></record>