
<record><leader>00868cam a2200241   4500</leader><controlfield tag="008">710216s1968    dcu      b    00010 eng  </controlfield><datafield ind1=" " ind2=" " tag="010"><subfield code="a">   79267001</subfield></datafield><datafield ind1=" " ind2=" " tag="040"><subfield code="a">DLC</subfield><subfield code="c">DLC</subfield><subfield code="d">TxDaGIAL</subfield></datafield><datafield ind1=" " ind2=" " tag="043"><subfield code="a">n-us---</subfield></datafield><datafield ind1="0" ind2=" " tag="050"><subfield code="a">PJ6068.U5</subfield><subfield code="b">A63</subfield></datafield><datafield ind1=" " ind2=" " tag="082"><subfield code="a">492.7/8/007</subfield></datafield><datafield ind1="1" ind2="0" tag="100"><subfield code="a">Abboud, Peter F.</subfield></datafield><datafield ind1="1" ind2="4" tag="245"><subfield code="a">The teaching of Arabic in the United States :</subfield><subfield code="b">the state of the art /</subfield><subfield code="c">by Peter F. Abboud.</subfield></datafield><datafield ind1="0" ind2=" " tag="260"><subfield code="a">Washington :</subfield><subfield code="b">Clearinghouse for Linguistics,</subfield><subfield code="c">c1968.</subfield></datafield><datafield ind1=" " ind2=" " tag="300"><subfield code="a">45 p. ;</subfield><subfield code="c">29 cm.</subfield></datafield><datafield ind1=" " ind2=" " tag="500"><subfield code="a">Cover title.</subfield></datafield><datafield ind1=" " ind2=" " tag="504"><subfield code="a">Includes bibliographical references.</subfield></datafield><datafield ind1=" " ind2="0" tag="650"><subfield code="a">Arabic language</subfield><subfield code="x">Study and teaching</subfield><subfield code="z">United States.</subfield></datafield><datafield ind1=" " ind2=" " tag="035"><subfield code="a">(TxDaGIAL)37741100007669</subfield></datafield><controlfield tag="005">20080624161651.0</controlfield><controlfield tag="001">8848</controlfield><controlfield tag="003">TxDaGIAL</controlfield><datafield ind1=" " ind2=" " tag="852"><subfield code="p">37741100007669</subfield><subfield code="a">Library</subfield><subfield code="b">Kenneth L. Pike Coll</subfield><subfield code="x">COPYID:10448</subfield><subfield code="x">FSC@aRegular@c19950906</subfield><subfield code="h">492.78007 A134t 1968</subfield><subfield code="z">Gift Kenneth L. Pike</subfield></datafield></record>