
<record><leader>00741nam a2200241Ii 4500</leader><controlfield tag="008">741009 1958    ck            0   0 spa u</controlfield><datafield ind1=" " ind2=" " tag="010"><subfield code="a">   58042130</subfield></datafield><datafield ind1=" " ind2=" " tag="035"><subfield code="a">(CU-UC)dlaisn3218769</subfield></datafield><datafield ind1=" " ind2=" " tag="040"><subfield code="c">OSU</subfield><subfield code="d">CLU</subfield></datafield><datafield ind1=" " ind2=" " tag="050"><subfield code="a">PC4073</subfield><subfield code="b">.F6</subfield></datafield><datafield ind1="1" ind2="0" tag="100"><subfield code="a">Fl&#243;rez, Luis.</subfield></datafield><datafield ind1="1" ind2="0" tag="245"><subfield code="a">Temas de castellano :</subfield><subfield code="b">notas de divulgaci&#243;n.</subfield></datafield><datafield ind1="0" ind2=" " tag="260"><subfield code="a">Bogot&#225;,</subfield><subfield code="c">1958.</subfield></datafield><datafield ind1=" " ind2=" " tag="300"><subfield code="a">290 p. ;</subfield><subfield code="c">20 cm.</subfield></datafield><datafield ind1=" " ind2="0" tag="440"><subfield code="a">Publicaciones del Instituto Caro y Cuervo.</subfield><subfield code="p">Series minor ;</subfield><subfield code="v">5</subfield></datafield><datafield ind1=" " ind2=" " tag="504"><subfield code="a">Bibliogaphy: p. [13]-15.</subfield></datafield><datafield ind1=" " ind2=" " tag="546"><subfield code="a">Spanish.</subfield></datafield><datafield ind1=" " ind2="0" tag="650"><subfield code="a">Spanish language.</subfield></datafield><datafield ind1=" " ind2=" " tag="035"><subfield code="a">(TxDaGIAL)37741100014686</subfield></datafield><controlfield tag="005">20080624161658.0</controlfield><controlfield tag="001">8886</controlfield><controlfield tag="003">TxDaGIAL</controlfield><datafield ind1=" " ind2=" " tag="852"><subfield code="p">37741100014686</subfield><subfield code="a">Library</subfield><subfield code="x">COPYID:10495</subfield><subfield code="x">FSC@aRegular@c19970127</subfield><subfield code="h">460 F634t 1958</subfield><subfield code="z">1932</subfield></datafield></record>