
<record><leader>00983pam a2200265 a 4500</leader><controlfield tag="008">940915s1995    hiua     b    000 0 eng  </controlfield><datafield ind1=" " ind2=" " tag="010"><subfield code="a">   94037498</subfield></datafield><datafield ind1=" " ind2=" " tag="020"><subfield code="a">0824816919</subfield></datafield><datafield ind1=" " ind2=" " tag="040"><subfield code="a">DLC</subfield><subfield code="c">DLC</subfield><subfield code="d">DLC</subfield></datafield><datafield ind1="0" ind2="0" tag="050"><subfield code="a">PL921</subfield><subfield code="b">.S67 1995</subfield></datafield><datafield ind1="0" ind2="0" tag="082"><subfield code="a">495.7/5</subfield><subfield code="2">20</subfield></datafield><datafield ind1="1" ind2=" " tag="100"><subfield code="a">Sohn, Sung-Ock S.,</subfield><subfield code="d">1957-</subfield></datafield><datafield ind1="1" ind2="0" tag="245"><subfield code="a">Tense and aspect in Korean /</subfield><subfield code="c">Sung-Ock S. Sohn.</subfield></datafield><datafield ind1=" " ind2=" " tag="260"><subfield code="a">Honolulu, Hawaii :</subfield><subfield code="b">Center for Korean Studies, University of Hawaii,</subfield><subfield code="c">1995.</subfield></datafield><datafield ind1=" " ind2=" " tag="300"><subfield code="a">xi, 181 p. :</subfield><subfield code="b">ill. ;</subfield><subfield code="c">23 cm.</subfield></datafield><datafield ind1="1" ind2=" " tag="490"><subfield code="a">Monograph ;</subfield><subfield code="v">no. 18</subfield></datafield><datafield ind1=" " ind2=" " tag="504"><subfield code="a">Includes bibliographical references (p. [177]-181).</subfield></datafield><datafield ind1=" " ind2="0" tag="650"><subfield code="a">Korean language</subfield><subfield code="x">Tense.</subfield></datafield><datafield ind1=" " ind2="0" tag="650"><subfield code="a">Korean language</subfield><subfield code="x">Aspect.</subfield></datafield><datafield ind1=" " ind2="0" tag="830"><subfield code="a">Monograph (University of Hawaii at Manoa. Center for Korean Studies) ;</subfield><subfield code="v">no. 18.</subfield></datafield><datafield ind1=" " ind2=" " tag="035"><subfield code="a">(TxDaGIAL)37741100014376</subfield></datafield><controlfield tag="005">20080624161700.0</controlfield><controlfield tag="001">8896</controlfield><controlfield tag="003">TxDaGIAL</controlfield><datafield ind1=" " ind2=" " tag="852"><subfield code="p">37741100014376</subfield><subfield code="a">Library</subfield><subfield code="9">$15.66</subfield><subfield code="x">FUND:Ling</subfield><subfield code="x">COPYID:10511</subfield><subfield code="x">FSC@aRegular@c19970114</subfield><subfield code="h">495.75 S682t 1995</subfield><subfield code="z">B/T 1-97</subfield></datafield></record>