
<record><leader>01013nam a2200277 a 4500</leader><controlfield tag="008">870730s1985    inu      b   s00010 eng  </controlfield><datafield ind1=" " ind2=" " tag="010"><subfield code="a">   87160977</subfield></datafield><datafield ind1=" " ind2=" " tag="020"><subfield code="c">$5.90 (pbk.)</subfield></datafield><datafield ind1=" " ind2=" " tag="040"><subfield code="a">DLC</subfield><subfield code="c">DLC</subfield><subfield code="d">TxDaGIAL</subfield></datafield><datafield ind1="0" ind2=" " tag="050"><subfield code="a">PL8689.2</subfield><subfield code="b">.M33 1985</subfield></datafield><datafield ind1="0" ind2=" " tag="082"><subfield code="a">496/.39</subfield><subfield code="2">19</subfield></datafield><datafield ind1="1" ind2="0" tag="100"><subfield code="a">Machobane, &#702;Malillo.</subfield></datafield><datafield ind1="1" ind2="0" tag="245"><subfield code="a">Tense and aspect in Sesotho /</subfield><subfield code="c">by &#702;Malillo Machobane (formerly Morolong).</subfield></datafield><datafield ind1="0" ind2=" " tag="260"><subfield code="a">Bloomington, Ind. (310 Lindley Hall, Bloomington 47405) :</subfield><subfield code="b">Indiana University Linguistics Club,</subfield><subfield code="c">c1985.</subfield></datafield><datafield ind1=" " ind2=" " tag="300"><subfield code="a">vii, 81 p. ;</subfield><subfield code="c">29 cm.</subfield></datafield><datafield ind1=" " ind2="0" tag="440"><subfield code="a">Studies in African grammatical systems ;</subfield><subfield code="v">no. 3</subfield></datafield><datafield ind1=" " ind2=" " tag="500"><subfield code="a">Revision of thesis (M.A.)--Simon Fraser University.</subfield></datafield><datafield ind1=" " ind2=" " tag="500"><subfield code="a">"June 1985."</subfield></datafield><datafield ind1=" " ind2=" " tag="504"><subfield code="a">Bibliography: p. 78-81.</subfield></datafield><datafield ind1=" " ind2="0" tag="650"><subfield code="a">Sotho language</subfield><subfield code="x">Tense.</subfield></datafield><datafield ind1=" " ind2="0" tag="650"><subfield code="a">Sotho language</subfield><subfield code="x">Aspect.</subfield></datafield><datafield ind1=" " ind2=" " tag="035"><subfield code="a">(TxDaGIAL)37741100006916</subfield></datafield><controlfield tag="005">20080624161700.0</controlfield><controlfield tag="001">8897</controlfield><controlfield tag="003">TxDaGIAL</controlfield><datafield ind1=" " ind2=" " tag="852"><subfield code="p">37741100006916</subfield><subfield code="a">Library</subfield><subfield code="x">COPYID:10512</subfield><subfield code="x">FSC@aRegular@c19950816</subfield><subfield code="h">496.39 M151t 1985</subfield><subfield code="z">11533</subfield></datafield></record>