
<record><leader>00720cam a22002170a 4500</leader><controlfield tag="008">890623s1984    ja                  eng c</controlfield><datafield ind1=" " ind2=" " tag="040"><subfield code="a">OTU</subfield><subfield code="b">eng</subfield><subfield code="d">TxDaGIAL</subfield></datafield><datafield ind1="0" ind2=" " tag="041"><subfield code="a">thaeng</subfield></datafield><datafield ind1=" " ind2="4" tag="050"><subfield code="a">PL4163</subfield><subfield code="b">.M67 1984</subfield></datafield><datafield ind1="1" ind2="0" tag="100"><subfield code="a">Mori, Mikio.</subfield></datafield><datafield ind1="1" ind2="0" tag="245"><subfield code="a">Thai /</subfield><subfield code="c">by Mikio Mori.</subfield></datafield><datafield ind1=" " ind2=" " tag="250"><subfield code="a">2nd ed.</subfield></datafield><datafield ind1="0" ind2=" " tag="260"><subfield code="a">Tokyo :</subfield><subfield code="b">Institute for the Study of Language and Cultures of Asia and Africa,</subfield><subfield code="c">1984.</subfield></datafield><datafield ind1=" " ind2=" " tag="300"><subfield code="a">45 leaves. :</subfield><subfield code="b">ill., map ;</subfield><subfield code="c">19 cm.</subfield></datafield><datafield ind1=" " ind2="0" tag="440"><subfield code="a">Asian &amp; African grammatical manual ;</subfield><subfield code="v">no. 14c</subfield></datafield><datafield ind1=" " ind2="0" tag="650"><subfield code="a">Thai language.</subfield></datafield><datafield ind1=" " ind2=" " tag="035"><subfield code="a">(TxDaGIAL)37741100018564</subfield></datafield><controlfield tag="005">20080624161711.0</controlfield><controlfield tag="001">8938</controlfield><controlfield tag="003">TxDaGIAL</controlfield><datafield ind1=" " ind2=" " tag="852"><subfield code="p">37741100018564</subfield><subfield code="a">Library</subfield><subfield code="x">COPYID:10558</subfield><subfield code="x">FSC@aRegular@c19970523</subfield><subfield code="h">495.911 M854t 1984</subfield><subfield code="z">11428</subfield></datafield></record>