
<record><leader>00756cam a2200205Ii 4500</leader><controlfield tag="008">750507s1964    cau      d    000 0 engm </controlfield><datafield ind1=" " ind2=" " tag="010"><subfield code="a">64013354</subfield></datafield><datafield ind1=" " ind2=" " tag="040"><subfield code="a">DLC</subfield><subfield code="c">ORL</subfield><subfield code="d">SER</subfield><subfield code="d">OCL</subfield></datafield><datafield ind1="0" ind2=" " tag="041"><subfield code="a">engtha</subfield></datafield><datafield ind1="0" ind2=" " tag="050"><subfield code="a">PL4156</subfield><subfield code="b">.H3</subfield></datafield><datafield ind1="1" ind2=" " tag="100"><subfield code="a">Haas, Mary R.</subfield><subfield code="q">(Mary Rosamond),</subfield><subfield code="d">1910-</subfield></datafield><datafield ind1="1" ind2="0" tag="245"><subfield code="a">Thai-English student's dictionary /</subfield><subfield code="c">Compiled by Mary R. Haas, with the assistance of George V. Grekoff [and others].</subfield></datafield><datafield ind1=" " ind2=" " tag="260"><subfield code="a">Stanford, Calif. :</subfield><subfield code="b">Stanford University Press,</subfield><subfield code="c">1964.</subfield></datafield><datafield ind1=" " ind2=" " tag="300"><subfield code="a">xxix, 638 p. ;</subfield><subfield code="c">26 cm.</subfield></datafield><datafield ind1=" " ind2="0" tag="650"><subfield code="a">Thai language</subfield><subfield code="v">Dictionaries</subfield><subfield code="x">English.</subfield></datafield><datafield ind1=" " ind2=" " tag="035"><subfield code="a">(TxDaGIAL)37741100015398</subfield></datafield><controlfield tag="005">20080624161711.0</controlfield><controlfield tag="001">8939</controlfield><controlfield tag="003">TxDaGIAL</controlfield><datafield ind1=" " ind2=" " tag="852"><subfield code="p">37741100015398</subfield><subfield code="a">Library</subfield><subfield code="x">COPYID:10559</subfield><subfield code="x">FSC@aRegular@c19970226</subfield><subfield code="h">495.91321 H112t 1964</subfield><subfield code="z">6712</subfield></datafield></record>