
<record><leader>01099cam a2200289 a 4500</leader><controlfield tag="008">930626s1989    at       b    000 0 eng  </controlfield><datafield ind1=" " ind2=" " tag="010"><subfield code="a">   90155004 //r93</subfield></datafield><datafield ind1=" " ind2=" " tag="020"><subfield code="a">0858833867</subfield></datafield><datafield ind1=" " ind2=" " tag="040"><subfield code="a">DLC</subfield><subfield code="c">DLC</subfield><subfield code="d">DLC</subfield></datafield><datafield ind1="0" ind2=" " tag="041"><subfield code="a">eng</subfield><subfield code="b">tha</subfield></datafield><datafield ind1=" " ind2=" " tag="043"><subfield code="a">a-th---</subfield></datafield><datafield ind1="0" ind2="0" tag="050"><subfield code="a">PL4162</subfield><subfield code="b">.C66 1989</subfield></datafield><datafield ind1="1" ind2=" " tag="100"><subfield code="a">Cooke, Joseph R.</subfield></datafield><datafield ind1="1" ind2="0" tag="245"><subfield code="a">Thai sentence particles and other topics /</subfield><subfield code="c">Joseph R. Cooke.</subfield></datafield><datafield ind1=" " ind2=" " tag="260"><subfield code="a">Canberra, A.C.T., Australia :</subfield><subfield code="b">Dept. of Linguistics, Research School of Pacific Studies, Australian National University,</subfield><subfield code="c">1989.</subfield></datafield><datafield ind1=" " ind2=" " tag="300"><subfield code="a">viii, 175 p. ;</subfield><subfield code="c">26 cm.</subfield></datafield><datafield ind1=" " ind2="0" tag="440"><subfield code="a">Pacific linguistics.</subfield><subfield code="n">Series A,</subfield><subfield code="x">0078-7531 ;</subfield><subfield code="v">no. 80</subfield></datafield><datafield ind1=" " ind2="0" tag="440"><subfield code="a">Papers in South-East Asian linguistics,</subfield><subfield code="x">0078-9178 ;</subfield><subfield code="v">no. 12</subfield></datafield><datafield ind1=" " ind2=" " tag="504"><subfield code="a">Includes bibliographical references.</subfield></datafield><datafield ind1=" " ind2="0" tag="650"><subfield code="a">Thai language</subfield><subfield code="x">Sentences.</subfield></datafield><datafield ind1=" " ind2="0" tag="650"><subfield code="a">Thai language</subfield><subfield code="x">Phonology.</subfield></datafield><datafield ind1=" " ind2="0" tag="650"><subfield code="a">Thai language</subfield><subfield code="x">Particles.</subfield></datafield><datafield ind1=" " ind2=" " tag="035"><subfield code="a">(TxDaGIAL)37741100008749</subfield></datafield><controlfield tag="005">20080624161712.0</controlfield><controlfield tag="001">8942</controlfield><controlfield tag="003">TxDaGIAL</controlfield><datafield ind1=" " ind2=" " tag="852"><subfield code="p">37741100008749</subfield><subfield code="a">Library</subfield><subfield code="x">COPYID:10562</subfield><subfield code="x">FSC@aRegular@c19951016</subfield><subfield code="h">495.9115 C772t 1989</subfield><subfield code="z">Standing order 4-90</subfield></datafield></record>