
<record><leader>00822nam a2200253Ki 4500</leader><controlfield tag="008">901031s1968    sa       b    00010 xho d</controlfield><datafield ind1=" " ind2=" " tag="035"><subfield code="a">(CU-UC)6597438</subfield></datafield><datafield ind1=" " ind2=" " tag="040"><subfield code="c">CLU</subfield></datafield><datafield ind1="0" ind2=" " tag="041"><subfield code="a">xhotso</subfield></datafield><datafield ind1=" " ind2=" " tag="094"><subfield code="a">tso00</subfield><subfield code="2">ROPAL</subfield></datafield><datafield ind1=" " ind2=" " tag="094"><subfield code="a">xho00</subfield><subfield code="2">ROPAL</subfield></datafield><datafield ind1="1" ind2="0" tag="100"><subfield code="a">Louw, J. A.</subfield><subfield code="q">(Jacobus Abraham)</subfield></datafield><datafield ind1="1" ind2="4" tag="245"><subfield code="a">The intonation of the sentence and its constituent parts in Xhosa and Tsonga /</subfield><subfield code="c">[by] J.A. Louw.</subfield></datafield><datafield ind1="0" ind2=" " tag="260"><subfield code="a">Pretoria :</subfield><subfield code="b">University of South Africa,</subfield><subfield code="c">1968.</subfield></datafield><datafield ind1=" " ind2=" " tag="300"><subfield code="a">xiv, 154 p.</subfield></datafield><datafield ind1=" " ind2=" " tag="504"><subfield code="a">Bibliography: p. 153-154.</subfield></datafield><datafield ind1=" " ind2=" " tag="546"><subfield code="a">Xhosa.</subfield></datafield><datafield ind1=" " ind2="0" tag="650"><subfield code="a">Xhosa language</subfield><subfield code="x">Intonation.</subfield></datafield><datafield ind1=" " ind2="0" tag="650"><subfield code="a">Tsonga language</subfield><subfield code="x">Intonation.</subfield></datafield><datafield ind1=" " ind2=" " tag="035"><subfield code="a">(TxDaGIAL)37741100015794</subfield></datafield><controlfield tag="005">20080624161713.0</controlfield><controlfield tag="001">8951</controlfield><controlfield tag="003">TxDaGIAL</controlfield><datafield ind1=" " ind2=" " tag="852"><subfield code="p">37741100015794</subfield><subfield code="a">Library</subfield><subfield code="x">COPYID:10571</subfield><subfield code="x">FSC@aRegular@c19970312</subfield><subfield code="h">496.3978 L895i 1968</subfield></datafield></record>