
<record><leader>00731cam a2200217Ia 4500</leader><controlfield tag="008">770830s1967    le a          000 0 ara  </controlfield><datafield ind1=" " ind2=" " tag="010"><subfield code="a">   67017924</subfield></datafield><datafield ind1=" " ind2=" " tag="035"><subfield code="a">(CU-UC)4505608</subfield></datafield><datafield ind1=" " ind2=" " tag="040"><subfield code="a">DLC</subfield><subfield code="c">YBM</subfield><subfield code="d">PIT</subfield><subfield code="d">CUS</subfield></datafield><datafield ind1="0" ind2=" " tag="050"><subfield code="a">PJ6307</subfield><subfield code="b">.N3</subfield></datafield><datafield ind1="1" ind2="0" tag="100"><subfield code="a">Nasr, Raja Tewfik,</subfield><subfield code="d">1929-</subfield></datafield><datafield ind1="1" ind2="4" tag="245"><subfield code="a">The structure of Arabic :</subfield><subfield code="b">from sound to sentence /</subfield><subfield code="c">Raja T. Nasr.</subfield></datafield><datafield ind1=" " ind2=" " tag="260"><subfield code="a">Beirut :</subfield><subfield code="b">Librairie du Liban,</subfield><subfield code="c">c1967.</subfield></datafield><datafield ind1=" " ind2=" " tag="300"><subfield code="a">xiv, 251 p. :</subfield><subfield code="b">ill. ;</subfield><subfield code="c">22 cm.</subfield></datafield><datafield ind1=" " ind2=" " tag="546"><subfield code="a">Arabic.</subfield></datafield><datafield ind1=" " ind2="0" tag="650"><subfield code="a">Arabic language</subfield><subfield code="v">Textbooks for foreign speakers</subfield><subfield code="x">English.</subfield></datafield><datafield ind1=" " ind2=" " tag="035"><subfield code="a">(TxDaGIAL)37741100019541</subfield></datafield><controlfield tag="005">20080624161714.0</controlfield><controlfield tag="001">8955</controlfield><controlfield tag="003">TxDaGIAL</controlfield><datafield ind1=" " ind2=" " tag="852"><subfield code="p">37741100019541</subfield><subfield code="a">Library</subfield><subfield code="x">COPYID:10575</subfield><subfield code="x">FSC@aRegular@c19970806</subfield><subfield code="h">492.7824 N264s 1967</subfield></datafield></record>