
<record><leader>00850cam a2200229 a 4500</leader><controlfield tag="008">950317s1994    caua     b    001 0 eng  </controlfield><datafield ind1=" " ind2=" " tag="010"><subfield code="a">   94022412</subfield></datafield><datafield ind1=" " ind2=" " tag="020"><subfield code="a">1881526518 (pbk.) :</subfield><subfield code="c">$29.95</subfield></datafield><datafield ind1=" " ind2=" " tag="040"><subfield code="a">DLC</subfield><subfield code="c">DLC</subfield><subfield code="d">DLC</subfield></datafield><datafield ind1="0" ind2="0" tag="050"><subfield code="a">PL908</subfield><subfield code="b">.T47 1994</subfield></datafield><datafield ind1="0" ind2="0" tag="082"><subfield code="a">495.7</subfield><subfield code="2">20</subfield></datafield><datafield ind1="0" ind2="0" tag="245"><subfield code="a">Theoretical issues in Korean linguistics /</subfield><subfield code="c">edited by Young-Key Kim-Renaud.</subfield></datafield><datafield ind1=" " ind2=" " tag="260"><subfield code="a">[Stanford, Calif.] :</subfield><subfield code="b">Published by CSLI Publications for the Stanford Linguistics Society,</subfield><subfield code="c">c1994.</subfield></datafield><datafield ind1=" " ind2=" " tag="300"><subfield code="a">xvi, 555 p. :</subfield><subfield code="b">ill. ;</subfield><subfield code="c">24 cm.</subfield></datafield><datafield ind1=" " ind2=" " tag="504"><subfield code="a">Includes bibliographical references and index.</subfield></datafield><datafield ind1=" " ind2="0" tag="650"><subfield code="a">Korean language.</subfield></datafield><datafield ind1="1" ind2="0" tag="700"><subfield code="a">Kim-Renaud, Young-Key.</subfield></datafield><datafield ind1=" " ind2=" " tag="035"><subfield code="a">(TxDaGIAL)37741100004769</subfield></datafield><controlfield tag="005">20080624161720.0</controlfield><controlfield tag="001">8981</controlfield><controlfield tag="003">TxDaGIAL</controlfield><datafield ind1=" " ind2=" " tag="852"><subfield code="p">37741100004769</subfield><subfield code="a">Library</subfield><subfield code="9">$26.06</subfield><subfield code="x">COPYID:10605</subfield><subfield code="x">FSC@aRegular@c19950606</subfield><subfield code="h">495.7 T396k 1994</subfield><subfield code="z">B/T 5-95</subfield></datafield></record>