
<record><leader>00863nam a2200229 a 4500</leader><controlfield tag="008">880523s1988    inu      b    00110 eng  </controlfield><datafield ind1=" " ind2=" " tag="010"><subfield code="a">   88143060</subfield></datafield><datafield ind1=" " ind2=" " tag="040"><subfield code="a">DLC</subfield><subfield code="c">DLC</subfield></datafield><datafield ind1="0" ind2=" " tag="050"><subfield code="a">Z2695.A2</subfield><subfield code="b">N84 1988</subfield><subfield code="a">PC4071</subfield></datafield><datafield ind1="0" ind2=" " tag="082"><subfield code="a">016.46</subfield><subfield code="2">19</subfield></datafield><datafield ind1="1" ind2="0" tag="100"><subfield code="a">Nuessel, Frank H.</subfield></datafield><datafield ind1="1" ind2="0" tag="245"><subfield code="a">Theoretical studies in Hispanic linguistics (1960-) :</subfield><subfield code="b">a selected, annotated research bibliography /</subfield><subfield code="c">by Frank Nuessel.</subfield></datafield><datafield ind1="0" ind2=" " tag="260"><subfield code="a">Bloomington, Ind. (310 Lindley Hall, Bloomington 47405) :</subfield><subfield code="b">Indiana University Linguistics Club,</subfield><subfield code="c">c1988.</subfield></datafield><datafield ind1=" " ind2=" " tag="300"><subfield code="a">ix, 355 p. ;</subfield><subfield code="c">28 cm.</subfield></datafield><datafield ind1=" " ind2=" " tag="500"><subfield code="a">"January 1988."</subfield></datafield><datafield ind1=" " ind2=" " tag="500"><subfield code="a">Includes indexes.</subfield></datafield><datafield ind1=" " ind2="0" tag="650"><subfield code="a">Spanish language</subfield><subfield code="v">Bibliography.</subfield></datafield><datafield ind1=" " ind2=" " tag="035"><subfield code="a">(TxDaGIAL)37741100007020</subfield></datafield><controlfield tag="005">20080624161724.0</controlfield><controlfield tag="001">8990</controlfield><controlfield tag="003">TxDaGIAL</controlfield><datafield ind1=" " ind2=" " tag="852"><subfield code="p">37741100007020</subfield><subfield code="a">Library</subfield><subfield code="9">$22.50</subfield><subfield code="x">COPYID:10615</subfield><subfield code="x">FSC@aRegular@c19950818</subfield><subfield code="h">016.46 N964t 1988</subfield><subfield code="z">13392</subfield></datafield></record>