
<record><leader>01172nam a2200253 i 4500</leader><controlfield tag="008">790711s1969    quc      b    00010 eng  </controlfield><datafield ind1=" " ind2=" " tag="010"><subfield code="a">   79307877</subfield></datafield><datafield ind1=" " ind2=" " tag="040"><subfield code="a">DLC</subfield><subfield code="c">DLC</subfield><subfield code="d">TxDaGIAL</subfield></datafield><datafield ind1="0" ind2=" " tag="050"><subfield code="a">PL1175</subfield><subfield code="b">.C527</subfield></datafield><datafield ind1=" " ind2=" " tag="082"><subfield code="a">495/.1/1</subfield></datafield><datafield ind1="1" ind2="0" tag="100"><subfield code="a">Chiu, Rosaline Kwan-wai.</subfield></datafield><datafield ind1="1" ind2="4" tag="245"><subfield code="a">The three-fold objective of the language reform in Mainland China in the last two decades /</subfield><subfield code="c">Rosaline Kwan-wai Chiu.</subfield></datafield><datafield ind1="0" ind2=" " tag="260"><subfield code="a">[Quebec] :</subfield><subfield code="b">International Center for Research on Bilingualism,</subfield><subfield code="c">1969.</subfield></datafield><datafield ind1=" " ind2=" " tag="300"><subfield code="a">10, [1] leaves ;</subfield><subfield code="c">28 cm.</subfield></datafield><datafield ind1="0" ind2=" " tag="490"><subfield code="a">Publication - International Center for Research on Bilingualism ; B-7</subfield></datafield><datafield ind1=" " ind2=" " tag="500"><subfield code="a">&quot;Paper prepared for the symposium organised under the auspices of the Comit&#233; qu&#233;b&#233;cois des &#233;tudes de la Chine et des autres pays d'Asie, Universit&#233; Laval, Qu&#233;bec, April 14, 1969.&quot;</subfield></datafield><datafield ind1=" " ind2=" " tag="504"><subfield code="a">Bibliography: leaf [11].</subfield></datafield><datafield ind1=" " ind2="0" tag="650"><subfield code="a">Chinese language</subfield><subfield code="x">Reform.</subfield></datafield><datafield ind1="2" ind2="1" tag="710"><subfield code="a">Universit&#233; Laval.</subfield><subfield code="b">Centre international de recherches sur le bilinguisme.</subfield></datafield><datafield ind1=" " ind2=" " tag="035"><subfield code="a">(TxDaGIAL)37741100008765</subfield></datafield><controlfield tag="005">20080624161738.0</controlfield><controlfield tag="001">9052</controlfield><controlfield tag="003">TxDaGIAL</controlfield><datafield ind1=" " ind2=" " tag="852"><subfield code="p">37741100008765</subfield><subfield code="a">Library</subfield><subfield code="x">COPYID:10693</subfield><subfield code="x">FSC@aRegular@c19951016</subfield><subfield code="h">495.11 C543t 1969</subfield><subfield code="z">10779</subfield></datafield></record>