
<record><leader>00914nam a2200253 a 4500</leader><controlfield tag="008">960513s1992    vm a     b    000 0 vie  </controlfield><datafield ind1=" " ind2=" " tag="010"><subfield code="a">   93943774</subfield></datafield><datafield ind1=" " ind2=" " tag="040"><subfield code="a">DLC</subfield><subfield code="c">DLC</subfield><subfield code="d">TxDaGIAL</subfield></datafield><datafield ind1="0" ind2="0" tag="050"><subfield code="a">PL4454.5</subfield><subfield code="b">.H63 1992</subfield></datafield><datafield ind1="1" ind2=" " tag="100"><subfield code="a">Ho&#224;ng, V&#259;n Ma.</subfield></datafield><datafield ind1="1" ind2="0" tag="245"><subfield code="a">Ti&#769;&#234;ng Pu Peo /</subfield><subfield code="c">Ho&#224;ng V&#259;n Ma, V&#361; B&#225; H&#249;ng.</subfield></datafield><datafield ind1=" " ind2=" " tag="260"><subfield code="a">H&#224; N&#803;&#244;i :</subfield><subfield code="b">Khoa h&#7885;c x&#227; h&#803;&#244;i,</subfield><subfield code="c">1992.</subfield></datafield><datafield ind1=" " ind2=" " tag="300"><subfield code="a">186 p. :</subfield><subfield code="b">ill. ;</subfield><subfield code="c">21 cm.</subfield></datafield><datafield ind1=" " ind2=" " tag="500"><subfield code="a">At head of title: Vi&#803;&#234;n khoa h&#7885;c x&#227; h&#803;&#244;i Vi&#803;&#234;t Nam, Vi&#803;&#234;n ng&#244;n ng&#771;&#432; h&#7885;c.</subfield></datafield><datafield ind1=" " ind2=" " tag="504"><subfield code="a">Includes bibliographical references (p. 184-186).</subfield></datafield><datafield ind1=" " ind2="0" tag="650"><subfield code="a">Laqua language</subfield><subfield code="x">History.</subfield></datafield><datafield ind1=" " ind2="0" tag="650"><subfield code="a">Kadai languages.</subfield></datafield><datafield ind1="1" ind2=" " tag="700"><subfield code="a">V&#361;, B&#225; H&#249;ng.</subfield></datafield><datafield ind1="2" ind2=" " tag="710"><subfield code="a">Vi&#803;&#234;n ng&#244;n ng&#771;&#432; h&#7885;c (Vietnam)</subfield></datafield><datafield ind1=" " ind2=" " tag="035"><subfield code="a">(TxDaGIAL)37741100021873</subfield></datafield><controlfield tag="005">20080624161740.0</controlfield><controlfield tag="001">9062</controlfield><controlfield tag="003">TxDaGIAL</controlfield><datafield ind1=" " ind2=" " tag="852"><subfield code="p">37741100021873</subfield><subfield code="a">Library</subfield><subfield code="x">COPYID:10705</subfield><subfield code="x">FSC@aRegular@c19971118</subfield><subfield code="h">495.919 H678t 1992</subfield></datafield></record>