
<record><leader>01271nam a2200289 a 4500</leader><controlfield tag="008">940201s1954    vt              0 0 vie c</controlfield><datafield ind1=" " ind2=" " tag="040"><subfield code="d">TxDaGIAL</subfield></datafield><datafield ind1="0" ind2=" " tag="041"><subfield code="a">vieeng</subfield></datafield><datafield ind1=" " ind2="4" tag="050"><subfield code="a">PL4373</subfield><subfield code="b">.S53 1954</subfield></datafield><datafield ind1="1" ind2="0" tag="100"><subfield code="a">Smalley, William Allen.</subfield></datafield><datafield ind1="1" ind2="0" tag="245"><subfield code="a">Ti&#769;&#234;ng Vi&#803;&#234;t cho c&#225;c gi&#225;o s&#297; =</subfield><subfield code="b">Vietnamese for missionaries : a course in the spoken and written language of Central Vietnam /</subfield><subfield code="c">by William A. Smalley and Nguy&#771;&#234;n V&#259;n V&#226;n.</subfield></datafield><datafield ind1=" " ind2=" " tag="250"><subfield code="a">Trial ed.</subfield></datafield><datafield ind1=" " ind2=" " tag="260"><subfield code="a">Dalat, Vietnam :</subfield><subfield code="b">Imprimerie Evang&#233;lique,</subfield><subfield code="c">1954.</subfield></datafield><datafield ind1=" " ind2=" " tag="300"><subfield code="a">3 vols in 5.</subfield></datafield><datafield ind1=" " ind2=" " tag="500"><subfield code="a">Vol. 1 lacks title in Vietnamese.</subfield></datafield><datafield ind1=" " ind2=" " tag="590"><subfield code="a">Library missing vol.3 part 1.</subfield></datafield><datafield ind1=" " ind2="0" tag="650"><subfield code="a">Vietnamese language</subfield><subfield code="x">Grammar.</subfield></datafield><datafield ind1="1" ind2="0" tag="700"><subfield code="a">Nguy&#771;&#234;n, V&#259;n V&#226;n.</subfield></datafield><datafield ind1="0" ind2="1" tag="740"><subfield code="a">Vietnamese for missionaries.</subfield></datafield><datafield ind1=" " ind2=" " tag="035"><subfield code="a">(TxDaGIAL)37741100019509</subfield></datafield><controlfield tag="005">20080624161740.0</controlfield><controlfield tag="001">9063</controlfield><controlfield tag="003">TxDaGIAL</controlfield><datafield ind1=" " ind2=" " tag="852"><subfield code="p">37741100019509</subfield><subfield code="a">Library</subfield><subfield code="x">COPYID:10706</subfield><subfield code="x">FSC@aRegular@c19970912</subfield><subfield code="h">495.922 S635 Vol.1:1 1954</subfield></datafield><datafield ind1=" " ind2=" " tag="852"><subfield code="p">37741100019513</subfield><subfield code="a">Library</subfield><subfield code="x">COPYID:10707</subfield><subfield code="x">FSC@aRegular@c19970912</subfield><subfield code="h">495.922 S635 Vol.1:2 1954</subfield></datafield><datafield ind1=" " ind2=" " tag="852"><subfield code="p">37741100019508</subfield><subfield code="a">Library</subfield><subfield code="x">COPYID:10708</subfield><subfield code="x">FSC@aRegular@c19970912</subfield><subfield code="h">495.922 S635 Vol.2 1954</subfield></datafield><datafield ind1=" " ind2=" " tag="852"><subfield code="p">37741100019510</subfield><subfield code="a">Library</subfield><subfield code="x">COPYID:10709</subfield><subfield code="x">FSC@aRegular@c19970912</subfield><subfield code="h">495.922 S635 Vol.3:2 1954</subfield></datafield></record>