
<record><leader>00907nam a2200277 a 4500</leader><controlfield tag="008">841023s1983    cau      b    00110 eng  </controlfield><datafield ind1=" " ind2=" " tag="010"><subfield code="a">   81071735</subfield></datafield><datafield ind1=" " ind2=" " tag="020"><subfield code="a">0890030979 (pbk.) :</subfield><subfield code="c">$19.75</subfield></datafield><datafield ind1=" " ind2=" " tag="040"><subfield code="a">DLC</subfield><subfield code="c">DLC</subfield></datafield><datafield ind1="0" ind2=" " tag="050"><subfield code="a">PJ9131</subfield><subfield code="b">.R39 1983</subfield></datafield><datafield ind1="0" ind2=" " tag="082"><subfield code="a">492/.8</subfield><subfield code="2">19</subfield></datafield><datafield ind1="1" ind2="0" tag="100"><subfield code="a">Raz, Shlomo,</subfield><subfield code="d">1936-</subfield></datafield><datafield ind1="1" ind2="0" tag="245"><subfield code="a">Tigre grammar and texts /</subfield><subfield code="c">by Shlomo Raz.</subfield></datafield><datafield ind1="0" ind2=" " tag="260"><subfield code="a">Malibu, Calif. :</subfield><subfield code="b">Undena Publications,</subfield><subfield code="c">1983.</subfield></datafield><datafield ind1=" " ind2=" " tag="300"><subfield code="a">vii, 148 p. ;</subfield><subfield code="c">28 cm.</subfield></datafield><datafield ind1="1" ind2=" " tag="490"><subfield code="a">Afroasiatic dialects ;</subfield><subfield code="v">v. 4.</subfield><subfield code="a">Semitic</subfield></datafield><datafield ind1=" " ind2=" " tag="504"><subfield code="a">Bibliography: p. 101-102.</subfield></datafield><datafield ind1=" " ind2=" " tag="500"><subfield code="a">Includes index.</subfield></datafield><datafield ind1=" " ind2="0" tag="650"><subfield code="a">Tigr&#233; language</subfield><subfield code="x">Grammar.</subfield></datafield><datafield ind1=" " ind2="0" tag="830"><subfield code="a">Afroasiatic dialects ;</subfield><subfield code="v">v. 4.</subfield></datafield><datafield ind1=" " ind2="0" tag="830"><subfield code="a">Afroasiatic dialects.</subfield><subfield code="p">Semitic.</subfield></datafield><datafield ind1=" " ind2=" " tag="035"><subfield code="a">(TxDaGIAL)37741100007684</subfield></datafield><controlfield tag="005">20080624161740.0</controlfield><controlfield tag="001">9064</controlfield><controlfield tag="003">TxDaGIAL</controlfield><datafield ind1=" " ind2=" " tag="852"><subfield code="p">37741100007684</subfield><subfield code="a">Library</subfield><subfield code="x">COPYID:10710</subfield><subfield code="x">FSC@aRegular@c19950906</subfield><subfield code="h">492.8 R278t 1983</subfield><subfield code="z">12165</subfield></datafield></record>