
<record><leader>00827nam a2200253Ii 4500</leader><controlfield tag="008">850712s1984    cau      b    00010 eng d</controlfield><datafield ind1=" " ind2=" " tag="035"><subfield code="a">(CU-UC)2192565</subfield></datafield><datafield ind1=" " ind2=" " tag="040"><subfield code="c">CLU</subfield></datafield><datafield ind1=" " ind2=" " tag="094"><subfield code="a">tik00</subfield><subfield code="2">ROPAL</subfield></datafield><datafield ind1="1" ind2="0" tag="100"><subfield code="a">Jackson, Ellen Marie.</subfield></datafield><datafield ind1="1" ind2="0" tag="245"><subfield code="a">Tikar word order and partial agreement strategies /</subfield><subfield code="c">by Ellen Marie Jackson.</subfield></datafield><datafield ind1="1" ind2=" " tag="260"><subfield code="c">1984.</subfield></datafield><datafield ind1=" " ind2=" " tag="300"><subfield code="a">viii, 53 leaves ;</subfield><subfield code="c">28 cm.</subfield></datafield><datafield ind1=" " ind2=" " tag="500"><subfield code="a">Typescript (photocopy).</subfield></datafield><datafield ind1=" " ind2=" " tag="502"><subfield code="a">Thesis (M.A.)--UCLA--Linguistics.</subfield></datafield><datafield ind1=" " ind2=" " tag="504"><subfield code="a">Bibliography: leaves 51-53.</subfield></datafield><datafield ind1=" " ind2=" " tag="546"><subfield code="a">English.</subfield></datafield><datafield ind1=" " ind2="0" tag="650"><subfield code="a">Tikar language</subfield><subfield code="x">Grammar.</subfield></datafield><datafield ind1=" " ind2="0" tag="650"><subfield code="a">Tikar language</subfield><subfield code="x">Word order.</subfield></datafield><datafield ind1=" " ind2=" " tag="035"><subfield code="a">(TxDaGIAL)37741100015710</subfield></datafield><controlfield tag="005">20080624161740.0</controlfield><controlfield tag="001">9065</controlfield><controlfield tag="003">TxDaGIAL</controlfield><datafield ind1=" " ind2=" " tag="852"><subfield code="p">37741100015710</subfield><subfield code="a">Library</subfield><subfield code="9">$0.00</subfield><subfield code="x">COPYID:10711</subfield><subfield code="x">FSC@aRegular@c19970311</subfield><subfield code="h">496.36 J12t 1984</subfield><subfield code="z">Author gift 6-91</subfield></datafield></record>