
<record><leader>01124nam a2200301Ii 4500</leader><controlfield tag="008">730402s1932    dcuab    b   f00010 eng  </controlfield><datafield ind1=" " ind2=" " tag="010"><subfield code="a">   32026773</subfield></datafield><datafield ind1=" " ind2=" " tag="035"><subfield code="a">(CU-UC)692336</subfield></datafield><datafield ind1=" " ind2=" " tag="040"><subfield code="a">DLC</subfield><subfield code="c">URB</subfield><subfield code="d">OCoLC</subfield><subfield code="d">SER</subfield><subfield code="d">m.c.</subfield><subfield code="d">CLU</subfield><subfield code="d">TxDaGIAL</subfield></datafield><datafield ind1="0" ind2=" " tag="041"><subfield code="a">engund</subfield></datafield><datafield ind1="0" ind2=" " tag="050"><subfield code="a">E51</subfield><subfield code="b">.U6 no. 94</subfield></datafield><datafield ind1="1" ind2="0" tag="100"><subfield code="a">Harrington, John Peabody.</subfield></datafield><datafield ind1="1" ind2="0" tag="245"><subfield code="a">Tobacco among the Karuk Indians of California /</subfield><subfield code="c">by John P. Harrington.</subfield></datafield><datafield ind1="0" ind2=" " tag="260"><subfield code="a">Washington :</subfield><subfield code="b">U.S. Govt. Print. Off.,</subfield><subfield code="c">1932.</subfield></datafield><datafield ind1=" " ind2=" " tag="300"><subfield code="a">xxxvi, 284 p. :</subfield><subfield code="b">illus. (map) 36 pl. (1 fold.; incl. ports.) on 19 leaves , diagr. ;</subfield><subfield code="c">23 cm.</subfield></datafield><datafield ind1=" " ind2="0" tag="440"><subfield code="a">Smithsonian institution.</subfield><subfield code="p">Bureau of American Ethnology ;</subfield><subfield code="v">bulletin 94</subfield></datafield><datafield ind1=" " ind2=" " tag="500"><subfield code="a">Karok and English text.</subfield></datafield><datafield ind1=" " ind2=" " tag="504"><subfield code="a">Bibliography: p. 14-34.</subfield></datafield><datafield ind1=" " ind2=" " tag="546"><subfield code="a">English.</subfield></datafield><datafield ind1=" " ind2="0" tag="650"><subfield code="a">Karok Indians.</subfield></datafield><datafield ind1=" " ind2="0" tag="650"><subfield code="a">Karok language</subfield><subfield code="v">Texts.</subfield></datafield><datafield ind1=" " ind2="0" tag="650"><subfield code="a">Indians of North America</subfield><subfield code="x">Social life and customs.</subfield></datafield><datafield ind1=" " ind2="0" tag="650"><subfield code="a">Tobacco pipes.</subfield></datafield><datafield ind1=" " ind2=" " tag="035"><subfield code="a">(TxDaGIAL)37741100018202</subfield></datafield><controlfield tag="005">20080624161746.0</controlfield><controlfield tag="001">9096</controlfield><controlfield tag="003">TxDaGIAL</controlfield><datafield ind1=" " ind2=" " tag="852"><subfield code="p">37741100018202</subfield><subfield code="a">Library</subfield><subfield code="x">COPYID:10746</subfield><subfield code="x">FSC@aRegular@c19970605</subfield><subfield code="h">306.05 S664b 094 1932</subfield><subfield code="z">6765</subfield></datafield></record>