
<record><leader>01337cam a2200301 a 4500</leader><controlfield tag="008">880526s1988    laua     b   s000 0 eng  </controlfield><datafield ind1=" " ind2=" " tag="010"><subfield code="a">   88081803 //r92</subfield></datafield><datafield ind1=" " ind2=" " tag="040"><subfield code="a">DLC</subfield><subfield code="c">DLC</subfield><subfield code="d">DLC</subfield><subfield code="d">TxDaGIAL</subfield></datafield><datafield ind1=" " ind2=" " tag="043"><subfield code="a">n-mx---</subfield></datafield><datafield ind1="0" ind2="0" tag="050"><subfield code="a">F1221.C46</subfield><subfield code="b">T65 1988</subfield></datafield><datafield ind1="0" ind2="0" tag="082"><subfield code="a">972/.75004974</subfield><subfield code="2">20</subfield></datafield><datafield ind1="0" ind2="4" tag="245"><subfield code="a">The Tojolabal Maya :</subfield><subfield code="b">ethnographic and linguistic approaches /</subfield><subfield code="c">edited by M. Jill Brody and John S. Thomas.</subfield></datafield><datafield ind1="0" ind2=" " tag="260"><subfield code="a">Baton Rouge :</subfield><subfield code="b">Geoscience Publications, Dept. of Geography &amp; Anthropology, Louisiana State University,</subfield><subfield code="c">1988.</subfield></datafield><datafield ind1=" " ind2=" " tag="300"><subfield code="a">viii, 74 p. :</subfield><subfield code="b">ill., ports. ;</subfield><subfield code="c">28 cm.</subfield></datafield><datafield ind1="1" ind2=" " tag="490"><subfield code="a">Geoscience &amp; man ;</subfield><subfield code="v">26</subfield></datafield><datafield ind1=" " ind2=" " tag="500"><subfield code="a">Most of the papers were presented as part of a symposium at the annual meetings of the American Anthropological Association in 1983.</subfield></datafield><datafield ind1=" " ind2=" " tag="504"><subfield code="a">Includes bibliographical references.</subfield></datafield><datafield ind1=" " ind2="0" tag="650"><subfield code="a">Tojolabal Indians</subfield><subfield code="v">Congresses.</subfield></datafield><datafield ind1=" " ind2="0" tag="650"><subfield code="a">Tojolabal language</subfield><subfield code="v">Congresses.</subfield></datafield><datafield ind1="1" ind2="0" tag="700"><subfield code="a">Brody, Mary Jill.</subfield></datafield><datafield ind1="1" ind2="0" tag="700"><subfield code="a">Thomas, John S.</subfield><subfield code="q">(John Stephen)</subfield></datafield><datafield ind1="2" ind2="0" tag="710"><subfield code="a">American Anthropological Association.</subfield><subfield code="b">Meeting</subfield><subfield code="n">(83rd :</subfield><subfield code="d">1983 :</subfield><subfield code="c">Chicago, Ill.)</subfield></datafield><datafield ind1=" " ind2="0" tag="830"><subfield code="a">Geoscience and man ;</subfield><subfield code="v">26.</subfield></datafield><datafield ind1=" " ind2=" " tag="035"><subfield code="a">(TxDaGIAL)37741100008455</subfield></datafield><controlfield tag="005">20080624161749.0</controlfield><controlfield tag="001">9105</controlfield><controlfield tag="003">TxDaGIAL</controlfield><datafield ind1=" " ind2=" " tag="852"><subfield code="p">37741100008455</subfield><subfield code="a">Library</subfield><subfield code="9">$10.00</subfield><subfield code="x">COPYID:10755</subfield><subfield code="x">FSC@aRegular@c19950925</subfield><subfield code="h">972.75004974 T646t 1988</subfield><subfield code="z">B/T 11-90</subfield></datafield></record>