
<record><leader>01345cam a2200301Ia 4500</leader><controlfield tag="008">771212s1975    pp       b    101 0 eng d</controlfield><datafield ind1=" " ind2=" " tag="035"><subfield code="a">(CU-UC)1680984</subfield></datafield><datafield ind1=" " ind2=" " tag="040"><subfield code="a">PAU</subfield><subfield code="c">PAU</subfield><subfield code="d">CLU</subfield><subfield code="d">CUS</subfield></datafield><datafield ind1="0" ind2=" " tag="041"><subfield code="a">engcrp</subfield></datafield><datafield ind1=" " ind2=" " tag="043"><subfield code="a">a-pp---</subfield></datafield><datafield ind1="0" ind2="0" tag="245"><subfield code="a">Tok Pisin i go we? :</subfield><subfield code="b">proceedings of a conference held at the University of Papua New Guinea, Port Moresby, P. N. G., 18-21 September 1973 /</subfield><subfield code="c">edited by K.A. McElhanon.</subfield></datafield><datafield ind1=" " ind2=" " tag="260"><subfield code="a">[Port Moresby?] :</subfield><subfield code="b">Linguistic Society of Papua New Guinea,</subfield><subfield code="c">1975.</subfield></datafield><datafield ind1=" " ind2=" " tag="300"><subfield code="a">244 p. ;</subfield><subfield code="c">23 cm.</subfield></datafield><datafield ind1="1" ind2=" " tag="490"><subfield code="a">Kivung: journal of the Linguistic Society of Papua New Guinea. Special publication ;</subfield><subfield code="v">no. 1 (May 1975)</subfield></datafield><datafield ind1=" " ind2=" " tag="500"><subfield code="a">Preliminaries in English and Tok Pisin; articles in Tok Pisin or English with summaries in the other language.</subfield></datafield><datafield ind1=" " ind2=" " tag="504"><subfield code="a">Includes bibliographical references and index.</subfield></datafield><datafield ind1=" " ind2=" " tag="546"><subfield code="a">English.</subfield></datafield><datafield ind1=" " ind2="0" tag="650"><subfield code="a">Tok Pisin language</subfield><subfield code="v">Congresses.</subfield></datafield><datafield ind1=" " ind2="0" tag="650"><subfield code="a">Tok Pisin language</subfield><subfield code="x">Standardization</subfield><subfield code="v">Congresses.</subfield></datafield><datafield ind1=" " ind2="0" tag="650"><subfield code="a">Tok Pisin language</subfield><subfield code="x">Usage</subfield><subfield code="v">Congresses.</subfield></datafield><datafield ind1=" " ind2="0" tag="651"><subfield code="a">Papua New Guinea</subfield><subfield code="x">Languages</subfield><subfield code="v">Congresses.</subfield></datafield><datafield ind1="1" ind2="0" tag="700"><subfield code="a">McElhanon, K. A.</subfield></datafield><datafield ind1=" " ind2="0" tag="830"><subfield code="a">Kivung.</subfield><subfield code="p">Special publication ;</subfield><subfield code="v">no. 1.</subfield></datafield><datafield ind1=" " ind2=" " tag="035"><subfield code="a">(TxDaGIAL)37741100020243</subfield></datafield><controlfield tag="005">20080624161749.0</controlfield><controlfield tag="001">9106</controlfield><controlfield tag="003">TxDaGIAL</controlfield><datafield ind1=" " ind2=" " tag="852"><subfield code="p">37741100020243</subfield><subfield code="a">Library</subfield><subfield code="x">COPYID:10756</subfield><subfield code="x">FSC@aRegular@c19971017</subfield><subfield code="h">427.9953 T646m 1975</subfield></datafield></record>