
<record><leader>00960Qam a2200253Ia 4500</leader><controlfield tag="008">800911s1980    inua     b    000 0 eng d</controlfield><datafield ind1=" " ind2=" " tag="035"><subfield code="a">(CU-UC)dlaisn909056</subfield></datafield><datafield ind1=" " ind2=" " tag="040"><subfield code="a">UIU</subfield><subfield code="c">UIU</subfield><subfield code="d">UMK</subfield><subfield code="d">OCoLC</subfield><subfield code="d">CU-SC</subfield></datafield><datafield ind1="1" ind2=" " tag="100"><subfield code="a">Yip, Moira Jean Winsland.</subfield></datafield><datafield ind1="1" ind2="4" tag="245"><subfield code="a">The tonal phonology of Chinese /</subfield><subfield code="c">by Moira Jean Winsland Yip.</subfield></datafield><datafield ind1=" " ind2=" " tag="260"><subfield code="a">Bloomington, Ind. :</subfield><subfield code="b">Indiana University Linguistics Club,</subfield><subfield code="c">1980.</subfield></datafield><datafield ind1=" " ind2=" " tag="300"><subfield code="a">ix, 246 p. :</subfield><subfield code="b">ill. ;</subfield><subfield code="c">28 cm.</subfield></datafield><datafield ind1=" " ind2=" " tag="500"><subfield code="a">Originally presented as the authors's thesis (Ph.D.--Massachusetts of Technology, 1980)</subfield></datafield><datafield ind1=" " ind2=" " tag="504"><subfield code="a">Bibliography: p. [239]-246.</subfield></datafield><datafield ind1=" " ind2=" " tag="546"><subfield code="a">English.</subfield></datafield><datafield ind1=" " ind2="0" tag="650"><subfield code="a">Chinese language</subfield><subfield code="x">Phonology.</subfield></datafield><datafield ind1=" " ind2="0" tag="650"><subfield code="a">Chinese language</subfield><subfield code="x">Intonation.</subfield></datafield><datafield ind1=" " ind2="0" tag="650"><subfield code="a">Tone (Phonetics)</subfield></datafield><datafield ind1="2" ind2="0" tag="710"><subfield code="a">Indiana University Linguistics Club.</subfield></datafield><datafield ind1=" " ind2=" " tag="035"><subfield code="a">(TxDaGIAL)37741100014917</subfield></datafield><controlfield tag="005">20080624161750.0</controlfield><controlfield tag="001">9108</controlfield><controlfield tag="003">TxDaGIAL</controlfield><datafield ind1=" " ind2=" " tag="852"><subfield code="p">37741100014917</subfield><subfield code="a">Library</subfield><subfield code="x">COPYID:10758</subfield><subfield code="x">FSC@aRegular@c19970203</subfield><subfield code="h">495.116 Y51t 1980</subfield></datafield></record>