
<record><leader>00850nam a2200253 i 4500</leader><controlfield tag="008">760506s1961    ctu      b    00010 eng  </controlfield><datafield ind1=" " ind2=" " tag="010"><subfield code="a">   76359490</subfield></datafield><datafield ind1=" " ind2=" " tag="040"><subfield code="a">DLC</subfield><subfield code="c">DLC</subfield></datafield><datafield ind1="0" ind2=" " tag="041"><subfield code="a">engewe</subfield></datafield><datafield ind1="0" ind2=" " tag="050"><subfield code="a">PL8162</subfield><subfield code="b">.A5</subfield></datafield><datafield ind1=" " ind2=" " tag="082"><subfield code="a">496/.33</subfield></datafield><datafield ind1="1" ind2="0" tag="100"><subfield code="a">Ansre, Gilbert.</subfield></datafield><datafield ind1="1" ind2="4" tag="245"><subfield code="a">The tonal structure of Ewe /</subfield><subfield code="c">Gilbert Ansre.</subfield></datafield><datafield ind1="0" ind2=" " tag="260"><subfield code="a">Hartford :</subfield><subfield code="b">For sale by the Hartford Seminary Foundation Bookstore,</subfield><subfield code="c">1961.</subfield></datafield><datafield ind1=" " ind2=" " tag="300"><subfield code="a">vii, 86 leaves ;</subfield><subfield code="c">28 cm.</subfield></datafield><datafield ind1=" " ind2="0" tag="440"><subfield code="a">Hartford studies in linguistics ;</subfield><subfield code="v">1</subfield></datafield><datafield ind1=" " ind2=" " tag="502"><subfield code="a">Thesis (M.A.)--Hartford Seminary Foundation.</subfield></datafield><datafield ind1=" " ind2=" " tag="504"><subfield code="a">Bibliography: leaves 85-86.</subfield></datafield><datafield ind1=" " ind2="0" tag="650"><subfield code="a">Ewe language</subfield><subfield code="x">Intonation.</subfield></datafield><datafield ind1=" " ind2=" " tag="035"><subfield code="a">(TxDaGIAL)37741100004113</subfield></datafield><controlfield tag="005">20080624161750.0</controlfield><controlfield tag="001">9109</controlfield><controlfield tag="003">TxDaGIAL</controlfield><datafield ind1=" " ind2=" " tag="852"><subfield code="p">37741100004113</subfield><subfield code="a">Library</subfield><subfield code="9">$0.00</subfield><subfield code="x">COPYID:10759</subfield><subfield code="x">FSC@aRegular@c19950516</subfield><subfield code="h">496.33 A623t 1961</subfield><subfield code="z">2462</subfield></datafield></record>