
<record><leader>00906nam a2200253 a 4500</leader><controlfield tag="008">900823s1990    ne a     b    00010 eng  </controlfield><datafield ind1=" " ind2=" " tag="010"><subfield code="a">   90188397</subfield></datafield><datafield ind1=" " ind2=" " tag="020"><subfield code="a">9067653101</subfield></datafield><datafield ind1=" " ind2=" " tag="040"><subfield code="a">DLC</subfield><subfield code="c">DLC</subfield></datafield><datafield ind1="0" ind2="0" tag="050"><subfield code="a">PL8261.1</subfield><subfield code="b">.C53 1990</subfield></datafield><datafield ind1="0" ind2="0" tag="082"><subfield code="a">496/.33216</subfield><subfield code="2">20</subfield></datafield><datafield ind1="1" ind2="0" tag="100"><subfield code="a">Clark, Mary Morris.</subfield></datafield><datafield ind1="1" ind2="4" tag="245"><subfield code="a">The tonal system of Igbo /</subfield><subfield code="c">Mary M. Clark.</subfield></datafield><datafield ind1="0" ind2=" " tag="260"><subfield code="a">Dordrecht, Holland ;</subfield><subfield code="a">Providence, RI, U.S.A. :</subfield><subfield code="b">Foris Publications,</subfield><subfield code="c">1990.</subfield></datafield><datafield ind1=" " ind2=" " tag="300"><subfield code="a">xi, 323 p. :</subfield><subfield code="b">ill., maps ;</subfield><subfield code="c">25 cm.</subfield></datafield><datafield ind1=" " ind2="0" tag="440"><subfield code="a">Publications in African languages and linguistics ;</subfield><subfield code="v">10</subfield></datafield><datafield ind1=" " ind2=" " tag="504"><subfield code="a">Includes bibliographical references (p. 319-323).</subfield></datafield><datafield ind1=" " ind2="0" tag="650"><subfield code="a">Igbo language</subfield><subfield code="x">Tone.</subfield></datafield><datafield ind1=" " ind2="0" tag="650"><subfield code="a">Igbo language</subfield><subfield code="x">Phonology.</subfield></datafield><datafield ind1=" " ind2=" " tag="035"><subfield code="a">(TxDaGIAL)37741100006844</subfield></datafield><controlfield tag="005">20080624161750.0</controlfield><controlfield tag="001">9110</controlfield><controlfield tag="003">TxDaGIAL</controlfield><datafield ind1=" " ind2=" " tag="852"><subfield code="p">37741100006844</subfield><subfield code="a">Library</subfield><subfield code="9">$98.50</subfield><subfield code="x">COPYID:10760</subfield><subfield code="x">FSC@aRegular@c19950816</subfield><subfield code="h">496.33216 C594t 1990</subfield><subfield code="z">B/T 6-92</subfield></datafield></record>