
<record><leader>00930cam a2200241Ia 4500</leader><controlfield tag="008">880608s1988    inu      b   s00010 eng d</controlfield><datafield ind1=" " ind2=" " tag="035"><subfield code="a">(CU-UC)dlaisn5441042</subfield></datafield><datafield ind1=" " ind2=" " tag="040"><subfield code="a">GZM</subfield><subfield code="c">GZM</subfield><subfield code="d">IQU</subfield><subfield code="d">CU-S</subfield></datafield><datafield ind1="1" ind2="0" tag="100"><subfield code="a">Fuller, Judith Wheaton.</subfield></datafield><datafield ind1="1" ind2="0" tag="245"><subfield code="a">Topic and comment in Hmong /</subfield><subfield code="c">by Judith Wheaton Fuller.</subfield></datafield><datafield ind1="0" ind2=" " tag="260"><subfield code="a">Bloomington, Ind. :</subfield><subfield code="b">Indiana University Linguistics Club,</subfield><subfield code="c">1988.</subfield></datafield><datafield ind1=" " ind2=" " tag="300"><subfield code="a">x, 156 p. ;</subfield><subfield code="c">28 cm.</subfield></datafield><datafield ind1=" " ind2=" " tag="500"><subfield code="a">Originally presented as the author's thesis (Ph. D.)--University of Minnesota, 1985.</subfield></datafield><datafield ind1=" " ind2=" " tag="504"><subfield code="a">Bibliography: p. 151-156.</subfield></datafield><datafield ind1=" " ind2=" " tag="546"><subfield code="a">English.</subfield></datafield><datafield ind1=" " ind2="0" tag="650"><subfield code="a">Hmong language</subfield><subfield code="x">Topic and comment.</subfield></datafield><datafield ind1=" " ind2="0" tag="650"><subfield code="a">Hmong language</subfield><subfield code="x">Syntax.</subfield></datafield><datafield ind1=" " ind2="0" tag="650"><subfield code="a">Grammar, Comparative and general</subfield><subfield code="x">Topic and comment.</subfield></datafield><datafield ind1=" " ind2=" " tag="035"><subfield code="a">(TxDaGIAL)37741100014919</subfield></datafield><controlfield tag="005">20080624161752.0</controlfield><controlfield tag="001">9120</controlfield><controlfield tag="003">TxDaGIAL</controlfield><datafield ind1=" " ind2=" " tag="852"><subfield code="p">37741100014919</subfield><subfield code="a">Library</subfield><subfield code="9">$10.75</subfield><subfield code="x">COPYID:10772</subfield><subfield code="x">FSC@aRegular@c19970203</subfield><subfield code="h">495.972 F966t 1988</subfield><subfield code="z">13391</subfield></datafield></record>