
<record><leader>00978cam a2200277 a 4500</leader><controlfield tag="008">901010s1990    nyu      b    000 0 eng  </controlfield><datafield ind1=" " ind2=" " tag="010"><subfield code="a">   90020776 //r92</subfield></datafield><datafield ind1=" " ind2=" " tag="020"><subfield code="a">0820412511</subfield></datafield><datafield ind1=" " ind2=" " tag="040"><subfield code="a">DLC</subfield><subfield code="c">DLC</subfield><subfield code="d">DLC</subfield></datafield><datafield ind1="0" ind2=" " tag="041"><subfield code="a">engrus</subfield></datafield><datafield ind1="0" ind2="0" tag="050"><subfield code="a">PG2434</subfield><subfield code="b">.T66 1990</subfield></datafield><datafield ind1="0" ind2="0" tag="082"><subfield code="a">491.7</subfield><subfield code="2">20</subfield></datafield><datafield ind1="0" ind2="0" tag="245"><subfield code="a">Topics in colloquial Russian /</subfield><subfield code="c">edited by Margaret H. Mills.</subfield></datafield><datafield ind1="0" ind2=" " tag="260"><subfield code="a">New York :</subfield><subfield code="b">P. Lang,</subfield><subfield code="c">c1990.</subfield></datafield><datafield ind1=" " ind2=" " tag="300"><subfield code="a">xii, 203 p. ;</subfield><subfield code="c">24 cm.</subfield></datafield><datafield ind1=" " ind2="0" tag="440"><subfield code="a">American university studies.</subfield><subfield code="n">Series XII,</subfield><subfield code="p">Slavic languages and literature ;</subfield><subfield code="v">vol. 11</subfield></datafield><datafield ind1=" " ind2=" " tag="504"><subfield code="a">Includes bibliographical references.</subfield></datafield><datafield ind1=" " ind2="0" tag="650"><subfield code="a">Russian language</subfield><subfield code="x">Spoken Russian.</subfield></datafield><datafield ind1=" " ind2="0" tag="650"><subfield code="a">Russian language</subfield><subfield code="x">Discourse analysis.</subfield></datafield><datafield ind1=" " ind2="0" tag="650"><subfield code="a">Russian language</subfield><subfield code="x">Usage.</subfield></datafield><datafield ind1="1" ind2="0" tag="700"><subfield code="a">Mills, Margaret H.,</subfield><subfield code="d">1954-</subfield></datafield><datafield ind1=" " ind2=" " tag="035"><subfield code="a">(TxDaGIAL)37741100007046</subfield></datafield><controlfield tag="005">20080624161754.0</controlfield><controlfield tag="001">9125</controlfield><controlfield tag="003">TxDaGIAL</controlfield><datafield ind1=" " ind2=" " tag="852"><subfield code="p">37741100007046</subfield><subfield code="a">Library</subfield><subfield code="9">$36.95</subfield><subfield code="x">COPYID:10777</subfield><subfield code="x">FSC@aRegular@c19950822</subfield><subfield code="h">491.7 T674m 1990</subfield><subfield code="z">B/T 6-93</subfield></datafield></record>