
<record><leader>00855nam a2200229 a 4500</leader><controlfield tag="008">900808 1988    cau             0 0 eng d</controlfield><datafield ind1=" " ind2=" " tag="035"><subfield code="a">(CU-UC)6449991</subfield></datafield><datafield ind1=" " ind2=" " tag="040"><subfield code="d">TxDaGIAL</subfield></datafield><datafield ind1="1" ind2="0" tag="100"><subfield code="a">Watters, James Kenneth.</subfield></datafield><datafield ind1="1" ind2="0" tag="245"><subfield code="a">Topics in Tepehua grammar /</subfield><subfield code="c">by James Kenneth Watters.</subfield></datafield><datafield ind1="0" ind2=" " tag="260"><subfield code="c">1988.</subfield></datafield><datafield ind1=" " ind2=" " tag="300"><subfield code="a">vi, 549 p. ;</subfield><subfield code="c">28 cm.</subfield></datafield><datafield ind1=" " ind2=" " tag="502"><subfield code="a">Thesis (Ph. D. in Linguistics)--University of California. Berkeley, Dec. 1988.</subfield></datafield><datafield ind1=" " ind2=" " tag="504"><subfield code="a">Includes bibliographical references (p. 539-549).</subfield></datafield><datafield ind1=" " ind2=" " tag="546"><subfield code="a">English.</subfield></datafield><datafield ind1="2" ind2="0" tag="610"><subfield code="a">University of California, Berkeley.</subfield><subfield code="b">Dept. of Linguistics</subfield><subfield code="x">Dissertations.</subfield></datafield><datafield ind1=" " ind2="0" tag="650"><subfield code="a">Tepehua language</subfield><subfield code="x">Grammar.</subfield></datafield><datafield ind1=" " ind2=" " tag="035"><subfield code="a">(TxDaGIAL)37741100016377</subfield></datafield><controlfield tag="005">20080624161755.0</controlfield><controlfield tag="001">9130</controlfield><controlfield tag="003">TxDaGIAL</controlfield><datafield ind1=" " ind2=" " tag="852"><subfield code="p">37741100016377</subfield><subfield code="a">Library</subfield><subfield code="9">$0.00</subfield><subfield code="x">COPYID:10786</subfield><subfield code="x">FSC@aRegular@c19970331</subfield><subfield code="h">497.41 W346t 1988</subfield><subfield code="z">Author gift 12-88</subfield></datafield></record>