
<record><leader>01158cam a2200337 p 4500</leader><controlfield tag="008">741125s1974    dk       b    00110 eng  </controlfield><datafield ind1=" " ind2=" " tag="010"><subfield code="a">   74189569 //r88</subfield></datafield><datafield ind1=" " ind2=" " tag="015"><subfield code="a">D74-32</subfield></datafield><datafield ind1=" " ind2=" " tag="020"><subfield code="a">8750014382 :</subfield><subfield code="c">kr92.00</subfield></datafield><datafield ind1=" " ind2=" " tag="040"><subfield code="a">DLC</subfield><subfield code="c">DLC</subfield></datafield><datafield ind1="0" ind2=" " tag="041"><subfield code="a">eng</subfield><subfield code="b">dan</subfield></datafield><datafield ind1=" " ind2=" " tag="043"><subfield code="a">n-gl---</subfield></datafield><datafield ind1="0" ind2=" " tag="050"><subfield code="a">PM62</subfield><subfield code="b">.R57 1974</subfield></datafield><datafield ind1=" " ind2=" " tag="082"><subfield code="a">497/.1</subfield></datafield><datafield ind1="1" ind2="0" tag="100"><subfield code="a">Rischel, J&#248;rgen.</subfield></datafield><datafield ind1="1" ind2="0" tag="245"><subfield code="a">Topics in West Greenlandic phonology :</subfield><subfield code="b">regularities underlying the phonetic appearance of wordforms in a polysynthetic language /</subfield><subfield code="c">J&#248;rgen Rischel.</subfield></datafield><datafield ind1="0" ind2=" " tag="260"><subfield code="a">K&#248;benhavn, Akademisk Forlag :</subfield><subfield code="b">Eksp., DBK,</subfield><subfield code="c">1974.</subfield></datafield><datafield ind1=" " ind2=" " tag="300"><subfield code="a">viii, 478 p. ;</subfield><subfield code="c">22 cm.</subfield></datafield><datafield ind1=" " ind2=" " tag="500"><subfield code="a">Summary in Danish.</subfield></datafield><datafield ind1=" " ind2=" " tag="500"><subfield code="a">Originally presented as the author's thesis, Copenhagen.</subfield></datafield><datafield ind1=" " ind2=" " tag="504"><subfield code="a">Bibliography: p. 460-468.</subfield></datafield><datafield ind1=" " ind2=" " tag="500"><subfield code="a">Includes index.</subfield></datafield><datafield ind1=" " ind2="0" tag="650"><subfield code="a">Kal&#226;tdlisut dialect</subfield><subfield code="x">Phonology.</subfield></datafield><datafield ind1=" " ind2="0" tag="650"><subfield code="a">Kal&#226;tdlisut dialect.</subfield></datafield><datafield ind1=" " ind2="0" tag="651"><subfield code="a">Greenland</subfield><subfield code="x">Languages.</subfield></datafield><datafield ind1=" " ind2="0" tag="650"><subfield code="a">Inuit language.</subfield></datafield><datafield ind1=" " ind2=" " tag="035"><subfield code="a">(TxDaGIAL)37741100003619</subfield></datafield><controlfield tag="005">20080624161755.0</controlfield><controlfield tag="001">9135</controlfield><controlfield tag="003">TxDaGIAL</controlfield><datafield ind1=" " ind2=" " tag="852"><subfield code="p">37741100003619</subfield><subfield code="a">Library</subfield><subfield code="x">COPYID:10791</subfield><subfield code="x">FSC@aRegular@c19950419</subfield><subfield code="h">497.12 R595t 1974</subfield><subfield code="z">6070</subfield></datafield></record>