
<record><leader>01349nam a2200301Ii 4500</leader><controlfield tag="008">720222s1963    oku      b    00000 eng  </controlfield><datafield ind1=" " ind2=" " tag="010"><subfield code="a">   63064085</subfield></datafield><datafield ind1=" " ind2=" " tag="035"><subfield code="a">(CU-UC)1667382</subfield></datafield><datafield ind1=" " ind2=" " tag="040"><subfield code="a">DLC</subfield><subfield code="c">YNG</subfield><subfield code="d">m.c.</subfield><subfield code="d">SER</subfield><subfield code="d">RQA</subfield></datafield><datafield ind1="0" ind2=" " tag="041"><subfield code="a">engund</subfield></datafield><datafield ind1="0" ind2=" " tag="050"><subfield code="a">PM4011</subfield><subfield code="b">.C7 1963</subfield></datafield><datafield ind1="1" ind2="0" tag="100"><subfield code="a">Crawford, John Chapman.</subfield></datafield><datafield ind1="1" ind2="0" tag="245"><subfield code="a">Totontepec Mixe phonotagmemics.</subfield></datafield><datafield ind1=" " ind2=" " tag="250"><subfield code="a">[1: ed.].</subfield></datafield><datafield ind1="0" ind2=" " tag="260"><subfield code="a">Norman :</subfield><subfield code="b">Summer Institute of Linguistics of the University of Oklahoma,</subfield><subfield code="c">[1963]</subfield></datafield><datafield ind1=" " ind2=" " tag="300"><subfield code="a">ix, 197 p. ;</subfield><subfield code="c">21 cm.</subfield></datafield><datafield ind1=" " ind2="0" tag="440"><subfield code="a">Summer Institute of Linguistics publications in linguistics and related fields ;</subfield><subfield code="v">no. 8</subfield></datafield><datafield ind1=" " ind2=" " tag="500"><subfield code="a">"Originally presented as a doctoral dissertation at the University of Michigan in February 1960."</subfield></datafield><datafield ind1=" " ind2=" " tag="504"><subfield code="a">Bibliography: p. 189-197.</subfield></datafield><datafield ind1=" " ind2=" " tag="546"><subfield code="a">English.</subfield></datafield><datafield ind1=" " ind2="0" tag="650"><subfield code="a">Mixe language</subfield><subfield code="x">Dialects</subfield><subfield code="x">Totontepec Villa de Morelos.</subfield></datafield><datafield ind1=" " ind2=" " tag="035"><subfield code="a">(TxDaGIAL)37741100016530</subfield></datafield><controlfield tag="005">20080624161756.0</controlfield><controlfield tag="001">9139</controlfield><controlfield tag="003">TxDaGIAL</controlfield><datafield ind1=" " ind2=" " tag="852"><subfield code="p">37741100016530</subfield><subfield code="a">Library</subfield><subfield code="b">Kenneth L. Pike Coll</subfield><subfield code="9">$0.00</subfield><subfield code="x">COPYID:10795</subfield><subfield code="x">FSC@aRegular@c19970407</subfield><subfield code="h">497.4165 C899t 1963</subfield><subfield code="z">K.L. Pike gift 4-95</subfield></datafield><datafield ind1=" " ind2=" " tag="852"><subfield code="p">37741100016531</subfield><subfield code="a">Library</subfield><subfield code="x">COPYID:10796</subfield><subfield code="x">FSC@aRegular@c19970407</subfield><subfield code="h">497.4165 C899t 1963</subfield><subfield code="z">2367</subfield></datafield><datafield ind1=" " ind2=" " tag="852"><subfield code="p">37741100016532</subfield><subfield code="a">Library</subfield><subfield code="b">Kenneth L. Pike Coll</subfield><subfield code="9">$0.00</subfield><subfield code="x">COPYID:10797</subfield><subfield code="x">FSC@aRegular@c19970407</subfield><subfield code="h">497.4165 C899t 1963</subfield><subfield code="z">K.L. Pike gift 4-95</subfield></datafield></record>