
<record><leader>00813cam a2200205 a 4500</leader><controlfield tag="008">740725s1970    xx a     b    000 0 eng d</controlfield><datafield ind1=" " ind2=" " tag="040"><subfield code="a">TxDaGIAL</subfield><subfield code="c">TxDaGIAL</subfield><subfield code="d">TxDaGIAL</subfield></datafield><datafield ind1="0" ind2=" " tag="041"><subfield code="a">engbla</subfield></datafield><datafield ind1="1" ind2=" " tag="100"><subfield code="a">Frantz, Donald.</subfield></datafield><datafield ind1="1" ind2="0" tag="245"><subfield code="a">Toward a generative grammar of Blackfoot :</subfield><subfield code="b">(with particular attention to selected stem formation processes) /</subfield><subfield code="c">by Donald Gene Frantz.</subfield></datafield><datafield ind1=" " ind2=" " tag="260"><subfield code="c">1970.</subfield></datafield><datafield ind1=" " ind2=" " tag="300"><subfield code="a">vii, 262 leaves :</subfield><subfield code="b">ill. ;</subfield><subfield code="c">29 cm.</subfield></datafield><datafield ind1=" " ind2=" " tag="504"><subfield code="a">Includes bibliography (leaves 255-258).</subfield></datafield><datafield ind1=" " ind2=" " tag="502"><subfield code="a">Thesis (Ph. D.) -- University of Alberta, 1970.</subfield></datafield><datafield ind1=" " ind2="0" tag="650"><subfield code="a">Siksika language</subfield><subfield code="x">Grammar, Generative.</subfield></datafield><datafield ind1=" " ind2=" " tag="035"><subfield code="a">(TxDaGIAL)37741100023919</subfield></datafield><controlfield tag="005">20080624161757.0</controlfield><controlfield tag="001">9145</controlfield><controlfield tag="003">TxDaGIAL</controlfield><datafield ind1=" " ind2=" " tag="852"><subfield code="p">37741100023919</subfield><subfield code="a">Library</subfield><subfield code="9">$0.00</subfield><subfield code="x">FUND:Gift</subfield><subfield code="x">COPYID:10803</subfield><subfield code="x">FSC@aRegular@c20000523</subfield><subfield code="h">497.361 F836t 1970</subfield><subfield code="z">Gift 10-99</subfield></datafield></record>