
<record><leader>00956pam a2200253 a 4500</leader><controlfield tag="008">951207s1995    hiua     b   s001 0 eng  </controlfield><datafield ind1=" " ind2=" " tag="010"><subfield code="a">   95007328</subfield></datafield><datafield ind1=" " ind2=" " tag="020"><subfield code="a">0824816722 (pbk.) :</subfield><subfield code="c">$38.00</subfield></datafield><datafield ind1=" " ind2=" " tag="040"><subfield code="a">DLC</subfield><subfield code="c">DLC</subfield><subfield code="d">DLC</subfield></datafield><datafield ind1="0" ind2=" " tag="041"><subfield code="a">engtpi</subfield></datafield><datafield ind1="0" ind2="0" tag="050"><subfield code="a">PM7891.Z9</subfield><subfield code="b">N469 1995</subfield></datafield><datafield ind1="0" ind2="0" tag="082"><subfield code="a">427/.9953</subfield><subfield code="2">20</subfield></datafield><datafield ind1="1" ind2=" " tag="100"><subfield code="a">Verhaar, John W. M.</subfield></datafield><datafield ind1="1" ind2="0" tag="245"><subfield code="a">Toward a reference grammar of Tok Pisin :</subfield><subfield code="b">an experiment in corpus linguistics /</subfield><subfield code="c">John W.M. Verhaar.</subfield></datafield><datafield ind1=" " ind2=" " tag="260"><subfield code="a">Honolulu :</subfield><subfield code="b">University of Hawaii Press,</subfield><subfield code="c">1995.</subfield></datafield><datafield ind1=" " ind2=" " tag="300"><subfield code="a">xxi, 469 p. :</subfield><subfield code="b">ill. ;</subfield><subfield code="c">23 cm.</subfield></datafield><datafield ind1=" " ind2="0" tag="440"><subfield code="a">Oceanic linguistics special publication ;</subfield><subfield code="v">no. 26</subfield></datafield><datafield ind1=" " ind2=" " tag="504"><subfield code="a">Includes bibliographical references (p. [xxiii]) and index.</subfield></datafield><datafield ind1=" " ind2="0" tag="650"><subfield code="a">Tok Pisin language</subfield><subfield code="x">Grammar.</subfield></datafield><datafield ind1=" " ind2=" " tag="035"><subfield code="a">(TxDaGIAL)37741100010390</subfield></datafield><controlfield tag="005">20080624161759.0</controlfield><controlfield tag="001">9153</controlfield><controlfield tag="003">TxDaGIAL</controlfield><datafield ind1=" " ind2=" " tag="852"><subfield code="p">37741100010390</subfield><subfield code="a">Library</subfield><subfield code="9">$33.06</subfield><subfield code="x">FUND:Ling</subfield><subfield code="x">COPYID:10811</subfield><subfield code="x">FSC@aRegular@c19960326</subfield><subfield code="h">427.9953 V511t 1995</subfield><subfield code="z">B/T 2-96</subfield></datafield></record>