
<record><leader>00985cam a2200265 a 4500</leader><controlfield tag="008">931208s1992    at            000 0 eng d</controlfield><datafield ind1=" " ind2=" " tag="010"><subfield code="a">   93173088</subfield></datafield><datafield ind1=" " ind2=" " tag="020"><subfield code="a">0858834170 (pbk.)</subfield></datafield><datafield ind1=" " ind2=" " tag="035"><subfield code="a">(OCoLC)28512906</subfield></datafield><datafield ind1=" " ind2=" " tag="040"><subfield code="a">NSbSU</subfield><subfield code="c">NSbSU</subfield><subfield code="d">NN</subfield><subfield code="d">DLC</subfield></datafield><datafield ind1=" " ind2=" " tag="042"><subfield code="a">lccopycat</subfield></datafield><datafield ind1="0" ind2="0" tag="050"><subfield code="a">PM7891.Z9</subfield><subfield code="b">N429 1992</subfield></datafield><datafield ind1="1" ind2=" " tag="100"><subfield code="a">Franklin, Karl J.</subfield><subfield code="q">(Karl James)</subfield></datafield><datafield ind1="1" ind2="0" tag="245"><subfield code="a">Traim tasol :</subfield><subfield code="b">vocabulary testing in Tok Pisin /</subfield><subfield code="c">Karl J. Franklin.</subfield></datafield><datafield ind1=" " ind2=" " tag="260"><subfield code="a">Canberra :</subfield><subfield code="b">Dept. of Linguistics, Research School of Pacific Studies, Australian National University,</subfield><subfield code="c">1992.</subfield></datafield><datafield ind1=" " ind2=" " tag="300"><subfield code="a">vii, 73 p. ;</subfield><subfield code="c">25 cm.</subfield></datafield><datafield ind1=" " ind2="0" tag="440"><subfield code="a">Pacific linguistics.</subfield><subfield code="n">Series D,</subfield><subfield code="x">0078-7531 ;</subfield><subfield code="v">no. 85</subfield></datafield><datafield ind1=" " ind2=" " tag="500"><subfield code="a">Includes index.</subfield></datafield><datafield ind1=" " ind2="0" tag="650"><subfield code="a">Tok Pisin language</subfield><subfield code="x">Vocabulary.</subfield></datafield><datafield ind1=" " ind2="0" tag="650"><subfield code="a">Tok Pisin language</subfield><subfield code="x">Examinations.</subfield></datafield><datafield ind1=" " ind2=" " tag="035"><subfield code="a">(TxDaGIAL)37741100011253</subfield></datafield><controlfield tag="005">20080624161808.0</controlfield><controlfield tag="001">9192</controlfield><controlfield tag="003">TxDaGIAL</controlfield><datafield ind1=" " ind2=" " tag="852"><subfield code="p">37741100011253</subfield><subfield code="a">Library</subfield><subfield code="x">COPYID:10852</subfield><subfield code="x">FSC@aRegular@c19960503</subfield><subfield code="h">427.9953 F832t 1992</subfield><subfield code="z">s.o. 7-93</subfield></datafield></record>