
<record><leader>00901nam a2200253 i 4500</leader><controlfield tag="008">901102s1970    fr       b    00110 fre  </controlfield><datafield ind1=" " ind2=" " tag="010"><subfield code="a">   76548839</subfield></datafield><datafield ind1=" " ind2=" " tag="035"><subfield code="a">(CU-UC)dlaisn8946739</subfield></datafield><datafield ind1=" " ind2=" " tag="040"><subfield code="a">DLC</subfield><subfield code="c">FTS</subfield><subfield code="d">NIC</subfield><subfield code="d">CStRLIN</subfield><subfield code="d">CBGTU</subfield></datafield><datafield ind1="1" ind2=" " tag="100"><subfield code="a">Cohen, Marcel Samuel Rapha&#235;l,</subfield><subfield code="d">1884-1974.</subfield></datafield><datafield ind1="1" ind2="0" tag="245"><subfield code="a">Trait&#233; de langue amharique (Abyssinie) /</subfield><subfield code="c">[par] Marcel Cohen.</subfield></datafield><datafield ind1=" " ind2=" " tag="250"><subfield code="a">2. &#233;d.</subfield></datafield><datafield ind1="0" ind2=" " tag="260"><subfield code="a">Paris :</subfield><subfield code="b">Institut d'ethnologie,</subfield><subfield code="c">1970.</subfield></datafield><datafield ind1=" " ind2=" " tag="300"><subfield code="a">xx, 444 p. ;</subfield><subfield code="c">25 cm.</subfield></datafield><datafield ind1="1" ind2=" " tag="490"><subfield code="a">Travaux et m&#233;moires de l'Institut d'ethnologie, 24</subfield></datafield><datafield ind1=" " ind2=" " tag="504"><subfield code="a">Bibliography: p. [3]-9.</subfield></datafield><datafield ind1=" " ind2=" " tag="546"><subfield code="a">French.</subfield></datafield><datafield ind1=" " ind2="0" tag="650"><subfield code="a">Amharic language</subfield><subfield code="x">Grammar.</subfield></datafield><datafield ind1=" " ind2="0" tag="830"><subfield code="a">Travaux et m&#233;moires de l'Institut d'ethnologie ;</subfield><subfield code="v">24.</subfield></datafield><datafield ind1=" " ind2=" " tag="035"><subfield code="a">(TxDaGIAL)37741100014687</subfield></datafield><controlfield tag="005">20080624161810.0</controlfield><controlfield tag="001">9202</controlfield><controlfield tag="003">TxDaGIAL</controlfield><datafield ind1=" " ind2=" " tag="852"><subfield code="p">37741100014687</subfield><subfield code="a">Library</subfield><subfield code="x">COPYID:10865</subfield><subfield code="x">FSC@aRegular@c19970127</subfield><subfield code="h">492.87 C678t 1970</subfield><subfield code="z">3167</subfield></datafield></record>