
<record><leader>00856nam a2200253 a 4500</leader><controlfield tag="008">830317s1982    inu      b    00000 eng d</controlfield><datafield ind1=" " ind2=" " tag="035"><subfield code="a">(CU-UC)541111</subfield></datafield><datafield ind1=" " ind2=" " tag="040"><subfield code="a">HUH</subfield><subfield code="c">HUH</subfield><subfield code="d">m/c</subfield></datafield><datafield ind1="0" ind2=" " tag="041"><subfield code="a">engjap</subfield></datafield><datafield ind1="1" ind2="0" tag="100"><subfield code="a">Jacobsen, Wesley M.</subfield></datafield><datafield ind1="1" ind2="0" tag="245"><subfield code="a">Transitivity in the Japanese verbal system /</subfield><subfield code="c">by Wesley Jacobsen.</subfield></datafield><datafield ind1="0" ind2=" " tag="260"><subfield code="a">Bloomington, Indiana :</subfield><subfield code="b">Indiana University Linguistics Club,</subfield><subfield code="c">1982.</subfield></datafield><datafield ind1=" " ind2=" " tag="300"><subfield code="a">iv, 210 p. ;</subfield><subfield code="c">28 cm.</subfield></datafield><datafield ind1=" " ind2=" " tag="500"><subfield code="a">English and Japanese.</subfield></datafield><datafield ind1=" " ind2=" " tag="504"><subfield code="a">Bibliography: p. 207-210.</subfield></datafield><datafield ind1=" " ind2=" " tag="546"><subfield code="a">English.</subfield></datafield><datafield ind1=" " ind2="0" tag="650"><subfield code="a">Japanese language</subfield><subfield code="x">Verb.</subfield></datafield><datafield ind1=" " ind2="0" tag="650"><subfield code="a">Japanese language</subfield><subfield code="x">Aspect.</subfield></datafield><datafield ind1=" " ind2="0" tag="650"><subfield code="a">Japanese language</subfield><subfield code="x">Grammar, Generative.</subfield></datafield><datafield ind1=" " ind2=" " tag="035"><subfield code="a">(TxDaGIAL)37741100015361</subfield></datafield><controlfield tag="005">20080624161815.0</controlfield><controlfield tag="001">9224</controlfield><controlfield tag="003">TxDaGIAL</controlfield><datafield ind1=" " ind2=" " tag="852"><subfield code="p">37741100015361</subfield><subfield code="a">Library</subfield><subfield code="x">COPYID:10889</subfield><subfield code="x">FSC@aRegular@c19970224</subfield><subfield code="h">495.65 J17t 1982</subfield><subfield code="z">8855</subfield></datafield></record>