
<record><leader>01134cam a22002777i 4500</leader><controlfield tag="007">herbmb---baca</controlfield><controlfield tag="007">hdrbdb---baaa</controlfield><controlfield tag="008">860814s1979    quc     bb    00010 eng d</controlfield><datafield ind1=" " ind2=" " tag="035"><subfield code="a">NYPG86-B67431</subfield></datafield><datafield ind1=" " ind2=" " tag="035"><subfield code="a">(CStRLIN)PG86-B67431</subfield></datafield><datafield ind1=" " ind2=" " tag="040"><subfield code="a">IEN</subfield><subfield code="c">IEN</subfield><subfield code="d">NN</subfield></datafield><datafield ind1=" " ind2=" " tag="043"><subfield code="a">f-ny---</subfield></datafield><datafield ind1="1" ind2="0" tag="100"><subfield code="a">Simpson, Ekundayo,</subfield><subfield code="d">1943-</subfield></datafield><datafield ind1="1" ind2="0" tag="245"><subfield code="a">Translating in the Nigerian mass media</subfield><subfield code="h">[microform] :</subfield><subfield code="b">a sociolinguistic study /</subfield><subfield code="c">Ekundayo Simpson.</subfield></datafield><datafield ind1="0" ind2=" " tag="260"><subfield code="a">Qu&#233;bec :</subfield><subfield code="b">Centre international de recherche sur le bilinguisme / International Center for Research on Bilingualism,</subfield><subfield code="c">1979.</subfield></datafield><datafield ind1=" " ind2=" " tag="300"><subfield code="a">23, xi p. ;</subfield><subfield code="c">28 cm.</subfield></datafield><datafield ind1="1" ind2=" " tag="490"><subfield code="a">Centre international de recherches sur le bilinguisme. Publication ;</subfield><subfield code="v">B-87</subfield></datafield><datafield ind1=" " ind2=" " tag="504"><subfield code="a">Includes bibliographical references.</subfield></datafield><datafield ind1=" " ind2="0" tag="650"><subfield code="a">Mass media</subfield><subfield code="z">Nigeria</subfield><subfield code="x">Translating.</subfield></datafield><datafield ind1=" " ind2="0" tag="650"><subfield code="a">Yoruba language</subfield><subfield code="x">Translating.</subfield></datafield><datafield ind1=" " ind2="0" tag="830"><subfield code="a">Publication B (International Center for Research on Bilingualism) ;</subfield><subfield code="v">\87.\87.</subfield></datafield><datafield ind1=" " ind2=" " tag="035"><subfield code="a">(TxDaGIAL)37741100013512</subfield></datafield><controlfield tag="005">20080624161816.0</controlfield><controlfield tag="001">9227</controlfield><controlfield tag="003">TxDaGIAL</controlfield><datafield ind1=" " ind2=" " tag="852"><subfield code="p">37741100013512</subfield><subfield code="a">Library</subfield><subfield code="x">COPYID:10892</subfield><subfield code="x">FSC@aRegular@c19961017</subfield><subfield code="h">418.02096 S613t 1980</subfield><subfield code="z">10773</subfield></datafield></record>