
<record><leader>01143nam a2200337 a 4500</leader><controlfield tag="008">890427m19899999ii            00110 eng  </controlfield><datafield ind1=" " ind2=" " tag="010"><subfield code="a">   89900769</subfield></datafield><datafield ind1=" " ind2=" " tag="020"><subfield code="a">8170991021 :</subfield><subfield code="c">Rs250.00 (v. 1) Rs450.00 (v. 2)</subfield></datafield><datafield ind1=" " ind2=" " tag="025"><subfield code="a">I E 59518</subfield></datafield><datafield ind1=" " ind2=" " tag="040"><subfield code="a">DLC</subfield><subfield code="c">DLC</subfield><subfield code="d">DLC</subfield></datafield><datafield ind1=" " ind2=" " tag="043"><subfield code="a">a-ii---</subfield></datafield><datafield ind1="0" ind2="0" tag="050"><subfield code="a">PL3551</subfield><subfield code="b">.S27 1989</subfield></datafield><datafield ind1="0" ind2="0" tag="082"><subfield code="a">495/.4</subfield></datafield><datafield ind1="1" ind2="0" tag="100"><subfield code="a">&#346;arm&#257;, Dev&#299;datta.</subfield></datafield><datafield ind1="1" ind2="0" tag="245"><subfield code="a">Tribal languages of Himachal Pradesh :</subfield><subfield code="b">Part - I /</subfield><subfield code="c">D.D. Sharma.</subfield></datafield><datafield ind1=" " ind2=" " tag="250"><subfield code="a">1st ed.</subfield></datafield><datafield ind1="0" ind2=" " tag="260"><subfield code="a">Delhi, India :</subfield><subfield code="b">Mittal Publications,</subfield><subfield code="c">1989.</subfield></datafield><datafield ind1=" " ind2=" " tag="300"><subfield code="a">xxiii, 346 p. ;</subfield><subfield code="c">22 cm.</subfield></datafield><datafield ind1=" " ind2="0" tag="440"><subfield code="a">Studies in Tibeto-Himalayan languages ;</subfield><subfield code="v">2</subfield></datafield><datafield ind1=" " ind2=" " tag="500"><subfield code="a">Includes index.</subfield></datafield><datafield ind1=" " ind2="0" tag="651"><subfield code="a">Himachal Pradesh (India)</subfield><subfield code="x">Languages.</subfield></datafield><datafield ind1=" " ind2="0" tag="650"><subfield code="a">Tibeto-Burman languages</subfield><subfield code="z">India</subfield><subfield code="z">Himachal Pradesh.</subfield></datafield><datafield ind1=" " ind2="0" tag="650"><subfield code="a">Pattani dialect (India)</subfield></datafield><datafield ind1=" " ind2="0" tag="650"><subfield code="a">Tinani dialect (India)</subfield></datafield><datafield ind1=" " ind2="0" tag="650"><subfield code="a">Bunan language.</subfield></datafield><datafield ind1=" " ind2="0" tag="650"><subfield code="a">Tod dialect (India)</subfield></datafield><datafield ind1=" " ind2=" " tag="035"><subfield code="a">(TxDaGIAL)37741100003936</subfield></datafield><controlfield tag="005">20080624161828.0</controlfield><controlfield tag="001">9277</controlfield><controlfield tag="003">TxDaGIAL</controlfield><datafield ind1=" " ind2=" " tag="852"><subfield code="p">37741100003936</subfield><subfield code="a">Library</subfield><subfield code="9">$16.67</subfield><subfield code="x">COPYID:10952</subfield><subfield code="x">FSC@aRegular@c19950503</subfield><subfield code="h">495.4 S531t 1989</subfield><subfield code="z">Indian Books Centre 3-95</subfield></datafield></record>