
<record><leader>00901cam a2200253 a 4500</leader><controlfield tag="008">940816s1996    alu      b   s001 0 eng  </controlfield><datafield ind1=" " ind2=" " tag="010"><subfield code="a">   94035107</subfield></datafield><datafield ind1=" " ind2=" " tag="020"><subfield code="a">0817307273 (alk. paper)</subfield></datafield><datafield ind1=" " ind2=" " tag="040"><subfield code="a">DLC</subfield><subfield code="c">DLC</subfield><subfield code="d">DLC</subfield></datafield><datafield ind1="0" ind2=" " tag="041"><subfield code="a">engyor</subfield></datafield><datafield ind1=" " ind2=" " tag="043"><subfield code="a">nwtr---</subfield></datafield><datafield ind1="0" ind2="0" tag="050"><subfield code="a">PL8824.Z9</subfield><subfield code="b">T695 1996</subfield></datafield><datafield ind1="0" ind2="0" tag="082"><subfield code="a">496/.3337/0972983</subfield><subfield code="2">20</subfield></datafield><datafield ind1="1" ind2=" " tag="100"><subfield code="a">Lewis, Maureen Warner.</subfield></datafield><datafield ind1="1" ind2="0" tag="245"><subfield code="a">Trinidad Yoruba :</subfield><subfield code="b">from mother tongue to memory /</subfield><subfield code="c">Maureen Warner-Lewis.</subfield></datafield><datafield ind1=" " ind2=" " tag="260"><subfield code="a">Tuscaloosa :</subfield><subfield code="b">University of Alabama Press,</subfield><subfield code="c">c1996.</subfield></datafield><datafield ind1=" " ind2=" " tag="300"><subfield code="a">xviii, 279 p. ;</subfield><subfield code="c">23 cm.</subfield></datafield><datafield ind1=" " ind2=" " tag="504"><subfield code="a">Includes bibliographical references (p. 257-274) and index.</subfield></datafield><datafield ind1=" " ind2="0" tag="650"><subfield code="a">Yoruba language</subfield><subfield code="x">Dialects</subfield><subfield code="z">Trinidad.</subfield></datafield><datafield ind1=" " ind2=" " tag="035"><subfield code="a">(TxDaGIAL)37741100014373</subfield></datafield><controlfield tag="005">20080624161831.0</controlfield><controlfield tag="001">9288</controlfield><controlfield tag="003">TxDaGIAL</controlfield><datafield ind1=" " ind2=" " tag="852"><subfield code="p">37741100014373</subfield><subfield code="a">Library</subfield><subfield code="9">$24.32</subfield><subfield code="x">FUND:Ling</subfield><subfield code="x">COPYID:10966</subfield><subfield code="x">FSC@aRegular@c19970114</subfield><subfield code="h">496.333709 L675t 1996</subfield><subfield code="z">B/T 1-97</subfield></datafield></record>