
<record><leader>01177nam a2200265Ii 4500</leader><controlfield tag="008">771123s1935    cau      b    00000 eng  </controlfield><datafield ind1=" " ind2=" " tag="010"><subfield code="a">a  35000758 rev</subfield></datafield><datafield ind1=" " ind2=" " tag="035"><subfield code="a">(CU-UC)725832</subfield></datafield><datafield ind1=" " ind2=" " tag="040"><subfield code="a">DLC</subfield><subfield code="c">CWR</subfield><subfield code="d">CLU</subfield></datafield><datafield ind1=" " ind2=" " tag="050"><subfield code="a">E51</subfield><subfield code="b">.C15 vol.34, no.2</subfield><subfield code="a">PM2495.T7V6</subfield></datafield><datafield ind1="1" ind2="0" tag="100"><subfield code="a">Voegelin, C. F.</subfield><subfield code="q">(Charles Frederick),</subfield><subfield code="d">1906-</subfield></datafield><datafield ind1="1" ind2="0" tag="245"><subfield code="a">T&#252;batulabal grammar /</subfield><subfield code="c">by Charles F. Voegelin.</subfield></datafield><datafield ind1="0" ind2=" " tag="260"><subfield code="a">Berkeley, Calif. :</subfield><subfield code="b">University of California press ;</subfield><subfield code="a">London, England :</subfield><subfield code="b">Cambridge University Press,</subfield><subfield code="c">1935.</subfield></datafield><datafield ind1=" " ind2=" " tag="300"><subfield code="a">vii, 55-189 p. :</subfield><subfield code="b">diagrs. ;</subfield><subfield code="c">27 cm.</subfield></datafield><datafield ind1=" " ind2="0" tag="440"><subfield code="a">University of California publications in American archaeology and ethnology ;</subfield><subfield code="v">v.34, no.2</subfield></datafield><datafield ind1=" " ind2=" " tag="504"><subfield code="a">"Bibliographical abbreviations used": p.189.</subfield></datafield><datafield ind1=" " ind2=" " tag="546"><subfield code="a">English.</subfield></datafield><datafield ind1=" " ind2="0" tag="650"><subfield code="a">Tubatulabal language</subfield><subfield code="x">Grammar.</subfield></datafield><datafield ind1=" " ind2=" " tag="035"><subfield code="a">(TxDaGIAL)37741100016374</subfield></datafield><controlfield tag="005">20080624161836.0</controlfield><controlfield tag="001">9308</controlfield><controlfield tag="003">TxDaGIAL</controlfield><datafield ind1=" " ind2=" " tag="852"><subfield code="p">37741100016374</subfield><subfield code="a">Library</subfield><subfield code="x">COPYID:10987</subfield><subfield code="x">FSC@aRegular@c19970331</subfield><subfield code="h">497.45 V872t 1935</subfield><subfield code="z">357</subfield></datafield><datafield ind1=" " ind2=" " tag="852"><subfield code="p">37741100016375</subfield><subfield code="a">Library</subfield><subfield code="x">COPYID:10988</subfield><subfield code="x">FSC@aRegular@c19970331</subfield><subfield code="h">497.45 V872t 1935</subfield><subfield code="z">352</subfield></datafield><datafield ind1=" " ind2=" " tag="852"><subfield code="p">37741100016376</subfield><subfield code="a">Library</subfield><subfield code="x">COPYID:10989</subfield><subfield code="x">FSC@aRegular@c19970331</subfield><subfield code="h">497.45 V872t 1935</subfield><subfield code="z">347</subfield></datafield></record>