
<record><leader>00957nam a2200265Ii 4500</leader><controlfield tag="008">770511s1950    sw       b    00000 fremc</controlfield><datafield ind1=" " ind2=" " tag="010"><subfield code="a">a  51002587</subfield></datafield><datafield ind1=" " ind2=" " tag="035"><subfield code="a">(CU-UC)dlaisn5048381</subfield></datafield><datafield ind1=" " ind2=" " tag="040"><subfield code="a">Chicago. Univ. Libr.</subfield><subfield code="c">LDL</subfield><subfield code="d">m.c.</subfield><subfield code="d">m/c</subfield><subfield code="d">CLU</subfield></datafield><datafield ind1="1" ind2=" " tag="050"><subfield code="a">AS284</subfield><subfield code="b">.L8 bd.45, nr.7</subfield></datafield><datafield ind1="1" ind2="0" tag="100"><subfield code="a">Malmberg, Bertil,</subfield><subfield code="d">1913-</subfield></datafield><datafield ind1="1" ind2="0" tag="245"><subfield code="a">&#201;tudes sur la phon&#233;tique de l'espagnol parl&#233; en Argentine.</subfield></datafield><datafield ind1="0" ind2=" " tag="260"><subfield code="a">Lund :</subfield><subfield code="b">C.W.K. Gleerup,</subfield><subfield code="c">[1950]</subfield></datafield><datafield ind1=" " ind2=" " tag="300"><subfield code="a">290 p. :</subfield><subfield code="b">diagrs. ;</subfield><subfield code="c">26 cm.</subfield></datafield><datafield ind1=" " ind2="0" tag="440"><subfield code="a">Lunds universitets &#229;rsskrift ;</subfield><subfield code="v">n.f., avd. 1, bd. 45, nr. 7</subfield></datafield><datafield ind1=" " ind2="0" tag="440"><subfield code="a">Etudes romanes de Lund ;</subfield><subfield code="v">10</subfield></datafield><datafield ind1=" " ind2=" " tag="504"><subfield code="a">Bibliography : p. [274]-290.</subfield></datafield><datafield ind1=" " ind2=" " tag="546"><subfield code="a">French.</subfield></datafield><datafield ind1=" " ind2="0" tag="650"><subfield code="a">Spanish language</subfield><subfield code="x">Provincialisms</subfield><subfield code="z">Argentina.</subfield></datafield><datafield ind1=" " ind2="0" tag="650"><subfield code="a">Spanish language</subfield><subfield code="x">Phonetics.</subfield></datafield><datafield ind1=" " ind2=" " tag="035"><subfield code="a">(TxDaGIAL)37741100014277</subfield></datafield><controlfield tag="005">20080624161836.0</controlfield><controlfield tag="001">9309</controlfield><controlfield tag="003">TxDaGIAL</controlfield><datafield ind1=" " ind2=" " tag="852"><subfield code="p">37741100014277</subfield><subfield code="a">Library</subfield><subfield code="x">COPYID:10990</subfield><subfield code="x">FSC@aRegular@c19961217</subfield><subfield code="h">467 M256e 1950</subfield><subfield code="z">1469</subfield></datafield></record>