
<record><leader>01249nam a2200289 i 4500</leader><controlfield tag="008">880120r1940    nyu           00000 eng c</controlfield><datafield ind1=" " ind2=" " tag="010"><subfield code="a">a  42000841</subfield></datafield><datafield ind1=" " ind2=" " tag="035"><subfield code="a">(CU-UC)3586890</subfield></datafield><datafield ind1=" " ind2=" " tag="040"><subfield code="a">Yale univ. Library</subfield><subfield code="c">CLE</subfield><subfield code="d">CUY</subfield></datafield><datafield ind1="0" ind2=" " tag="041"><subfield code="a">engund</subfield></datafield><datafield ind1=" " ind2=" " tag="050"><subfield code="a">PM2498</subfield><subfield code="b">.H2</subfield></datafield><datafield ind1=" " ind2=" " tag="082"><subfield code="a">497</subfield></datafield><datafield ind1="1" ind2="0" tag="100"><subfield code="a">Haas, Mary R.</subfield><subfield code="q">(Mary Rosamond),</subfield><subfield code="d">1910-</subfield></datafield><datafield ind1="1" ind2="0" tag="245"><subfield code="a">Tunica /</subfield><subfield code="c">by Mary R. Haas.</subfield></datafield><datafield ind1="0" ind2=" " tag="260"><subfield code="a">New York :</subfield><subfield code="b">J.J. Augustin,</subfield><subfield code="c">[introd. 1940]</subfield></datafield><datafield ind1=" " ind2=" " tag="300"><subfield code="a">143 p. ;</subfield><subfield code="c">24 cm.</subfield></datafield><datafield ind1=" " ind2=" " tag="500"><subfield code="a">"This grammar is a revision and an enlargement of my dissertation entitled A grammar of the Tunica language ... presented to the faculty of the Graduate school of Yale university ... for the degree of doctor of philosophy in 1935."</subfield></datafield><datafield ind1=" " ind2=" " tag="500"><subfield code="a">"Extract from Handbook of American Indian languages, vol. IV."</subfield></datafield><datafield ind1=" " ind2=" " tag="546"><subfield code="a">English.</subfield></datafield><datafield ind1=" " ind2="0" tag="650"><subfield code="a">Tunica language</subfield><subfield code="x">Grammar.</subfield></datafield><datafield ind1=" " ind2=" " tag="035"><subfield code="a">(TxDaGIAL)37741100016339</subfield></datafield><controlfield tag="005">20080624161837.0</controlfield><controlfield tag="001">9311</controlfield><controlfield tag="003">TxDaGIAL</controlfield><datafield ind1=" " ind2=" " tag="852"><subfield code="p">37741100016339</subfield><subfield code="a">Library</subfield><subfield code="x">COPYID:10992</subfield><subfield code="x">FSC@aRegular@c19970328</subfield><subfield code="h">497.4 H112t 1940</subfield><subfield code="z">442</subfield></datafield><datafield ind1=" " ind2=" " tag="852"><subfield code="p">37741100016340</subfield><subfield code="a">Library</subfield><subfield code="x">COPYID:10993</subfield><subfield code="x">FSC@aRegular@c19970328</subfield><subfield code="h">497.4 H112t 1940</subfield><subfield code="z">453</subfield></datafield><datafield ind1=" " ind2=" " tag="852"><subfield code="p">37741100016341</subfield><subfield code="a">Library</subfield><subfield code="x">COPYID:10994</subfield><subfield code="x">FSC@aRegular@c19970328</subfield><subfield code="h">497.4 H112t 1940</subfield><subfield code="z">130</subfield></datafield></record>