
<record><leader>00980nam a2200277Ii 4500</leader><controlfield tag="008">790530s1950    cau      b    00000 engmc</controlfield><datafield ind1=" " ind2=" " tag="010"><subfield code="a">a  50009487</subfield></datafield><datafield ind1=" " ind2=" " tag="035"><subfield code="a">(CU-UC)325239</subfield></datafield><datafield ind1=" " ind2=" " tag="040"><subfield code="a">California. Univ. Libr.</subfield><subfield code="c">COO</subfield><subfield code="d">m.c.</subfield><subfield code="d">CLU</subfield></datafield><datafield ind1="0" ind2=" " tag="041"><subfield code="a">engnai</subfield></datafield><datafield ind1="1" ind2="0" tag="100"><subfield code="a">Haas, Mary R.</subfield><subfield code="q">(Mary Rosamond),</subfield><subfield code="d">1910-</subfield><subfield code="e">ed.</subfield></datafield><datafield ind1="1" ind2="0" tag="245"><subfield code="a">Tunica texts.</subfield></datafield><datafield ind1="0" ind2=" " tag="260"><subfield code="a">Berkeley :</subfield><subfield code="b">University of California Press,</subfield><subfield code="c">1950.</subfield></datafield><datafield ind1=" " ind2=" " tag="300"><subfield code="a">173 p. ;</subfield><subfield code="c">27 cm.</subfield></datafield><datafield ind1=" " ind2="0" tag="440"><subfield code="a">University of California publications in linguistics ;</subfield><subfield code="v">v. 6, no. 1</subfield></datafield><datafield ind1=" " ind2=" " tag="500"><subfield code="a">Tunica and English.</subfield></datafield><datafield ind1=" " ind2=" " tag="546"><subfield code="a">English.</subfield></datafield><datafield ind1=" " ind2="0" tag="650"><subfield code="a">Tunica language</subfield><subfield code="v">Texts.</subfield></datafield><datafield ind1=" " ind2="0" tag="650"><subfield code="a">Tunica Indians</subfield><subfield code="v">Folklore.</subfield></datafield><datafield ind1=" " ind2="0" tag="650"><subfield code="a">Indians</subfield><subfield code="v">Folklore.</subfield></datafield><datafield ind1=" " ind2=" " tag="035"><subfield code="a">(TxDaGIAL)37741100016342</subfield></datafield><controlfield tag="005">20080624161837.0</controlfield><controlfield tag="001">9312</controlfield><controlfield tag="003">TxDaGIAL</controlfield><datafield ind1=" " ind2=" " tag="852"><subfield code="p">37741100016342</subfield><subfield code="a">Library</subfield><subfield code="x">COPYID:10995</subfield><subfield code="x">FSC@aRegular@c19970328</subfield><subfield code="h">497.4 H112tt 1950</subfield><subfield code="z">128</subfield></datafield><datafield ind1=" " ind2=" " tag="852"><subfield code="p">37741100016343</subfield><subfield code="a">Library</subfield><subfield code="x">COPYID:10996</subfield><subfield code="x">FSC@aRegular@c19970328</subfield><subfield code="h">497.4 H112tt 1950</subfield><subfield code="z">129</subfield></datafield></record>