
<record><leader>01034cam a22002771i 4500</leader><controlfield tag="008">711115m19661970dcu           000 0 eng  </controlfield><datafield ind1=" " ind2=" " tag="010"><subfield code="a">   68067108 //r874</subfield></datafield><datafield ind1=" " ind2=" " tag="040"><subfield code="a">DLC</subfield><subfield code="c">DLC</subfield><subfield code="d">DLC</subfield></datafield><datafield ind1="0" ind2=" " tag="041"><subfield code="a">engtur</subfield></datafield><datafield ind1="0" ind2="0" tag="050"><subfield code="a">PL127</subfield><subfield code="b">.U55</subfield></datafield><datafield ind1="0" ind2="0" tag="082"><subfield code="a">494/.35/8242</subfield></datafield><datafield ind1="2" ind2="0" tag="110"><subfield code="a">Foreign Service Institute (U.S.)</subfield></datafield><datafield ind1="1" ind2="0" tag="245"><subfield code="a">Turkish :</subfield><subfield code="b">basic course /</subfield><subfield code="c">Lloyd B. Swift [and] Selman A&#287;rali.</subfield></datafield><datafield ind1="0" ind2=" " tag="260"><subfield code="a">Washington :</subfield><subfield code="b">Dept. of State; [for sale by the Supt. of Docs., U.S. Govt. Print. Off.],</subfield><subfield code="c">1966-</subfield></datafield><datafield ind1=" " ind2=" " tag="300"><subfield code="a">v. 1 (of three) ;</subfield><subfield code="c">27 cm.</subfield></datafield><datafield ind1="0" ind2=" " tag="490"><subfield code="a">Its Basic course series</subfield></datafield><datafield ind1=" " ind2=" " tag="500"><subfield code="a">Vol. 3 by S. N. A&#287;rali and others.</subfield></datafield><datafield ind1="0" ind2=" " tag="505"><subfield code="a">[1] Units 1-30.--[2] Units 31-50.--[3] Graded reader.</subfield></datafield><datafield ind1=" " ind2="0" tag="650"><subfield code="a">Turkish language</subfield><subfield code="v">Textbooks for foreign speakers</subfield><subfield code="x">English.</subfield></datafield><datafield ind1="1" ind2="0" tag="700"><subfield code="a">Swift, Lloyd Balderston,</subfield><subfield code="d">1921-</subfield></datafield><datafield ind1="1" ind2="0" tag="700"><subfield code="a">A&#287;rali, Selman.</subfield></datafield><datafield ind1=" " ind2=" " tag="035"><subfield code="a">(TxDaGIAL)37741100014746</subfield></datafield><controlfield tag="005">20080624161837.0</controlfield><controlfield tag="001">9314</controlfield><controlfield tag="003">TxDaGIAL</controlfield><datafield ind1=" " ind2=" " tag="852"><subfield code="p">37741100014746</subfield><subfield code="a">Library</subfield><subfield code="x">COPYID:10998</subfield><subfield code="x">FSC@aRegular@c19970127</subfield><subfield code="h">494.35 U58t 1966</subfield><subfield code="z">1683</subfield></datafield></record>