
<record><leader>00771nam a2200217 a 4500</leader><controlfield tag="008">970411s1976    txu           000 0 eng d</controlfield><datafield ind1=" " ind2=" " tag="040"><subfield code="a">TxDaGIAL</subfield><subfield code="c">TxDaGIAL</subfield></datafield><datafield ind1="1" ind2=" " tag="100"><subfield code="a">Karn, Gloria.</subfield></datafield><datafield ind1="1" ind2="0" tag="245"><subfield code="a">Tuyuca plot structure :</subfield><subfield code="b">a pilot study /</subfield><subfield code="c">by Gloria Jean Karn.</subfield></datafield><datafield ind1=" " ind2=" " tag="260"><subfield code="c">1976.</subfield></datafield><datafield ind1=" " ind2=" " tag="300"><subfield code="a">ix, 137, 77. [ii] leaves :</subfield><subfield code="b">ill. ;</subfield><subfield code="c">29 cm.</subfield></datafield><datafield ind1=" " ind2=" " tag="502"><subfield code="a">Thesis (M.A.)--University of Texas at Arlington, 1976.</subfield></datafield><datafield ind1=" " ind2=" " tag="504"><subfield code="a">Bibliography: leaf 137.</subfield></datafield><datafield ind1=" " ind2="0" tag="650"><subfield code="a">Tucanoan languages.</subfield></datafield><datafield ind1=" " ind2="0" tag="650"><subfield code="a">Tuyuca language.</subfield></datafield><datafield ind1="2" ind2="0" tag="610"><subfield code="a">University of Texas at Arlington.</subfield><subfield code="b">Graduate School</subfield><subfield code="x">Dissertations.</subfield></datafield><datafield ind1=" " ind2=" " tag="035"><subfield code="a">(TxDaGIAL)37741100016721</subfield></datafield><controlfield tag="005">20080624161838.0</controlfield><controlfield tag="001">9318</controlfield><controlfield tag="003">TxDaGIAL</controlfield><datafield ind1=" " ind2=" " tag="852"><subfield code="p">37741100016721</subfield><subfield code="a">Library</subfield><subfield code="x">COPYID:11004</subfield><subfield code="x">FSC@aRegular@c19970414</subfield><subfield code="h">498.35 K18t 1976</subfield></datafield></record>