
<record><leader>01098cam a2200313 i 4500</leader><controlfield tag="008">761118s1977    nyua     b    00110 eng  </controlfield><datafield ind1=" " ind2=" " tag="010"><subfield code="a">   76056205 //r893</subfield></datafield><datafield ind1=" " ind2=" " tag="020"><subfield code="a">0123617502</subfield></datafield><datafield ind1=" " ind2=" " tag="040"><subfield code="a">DLC</subfield><subfield code="c">DLC</subfield></datafield><datafield ind1=" " ind2=" " tag="043"><subfield code="a">n-mx---</subfield></datafield><datafield ind1="0" ind2=" " tag="050"><subfield code="a">F1221.T8</subfield><subfield code="b">H86</subfield></datafield><datafield ind1=" " ind2=" " tag="082"><subfield code="a">591/.01/2</subfield></datafield><datafield ind1="1" ind2="0" tag="100"><subfield code="a">Hunn, Eugene S.</subfield></datafield><datafield ind1="1" ind2="0" tag="245"><subfield code="a">Tzeltal folk zoology :</subfield><subfield code="b">the classification of discontinuities in nature /</subfield><subfield code="c">Eugene S. Hunn.</subfield></datafield><datafield ind1="0" ind2=" " tag="260"><subfield code="a">New York :</subfield><subfield code="b">Academic Press,</subfield><subfield code="c">c1977.</subfield></datafield><datafield ind1=" " ind2=" " tag="300"><subfield code="a">xliv, 368 p. :</subfield><subfield code="b">ill. ;</subfield><subfield code="c">26 cm.</subfield></datafield><datafield ind1=" " ind2="0" tag="440"><subfield code="a">Language, thought, and culture</subfield></datafield><datafield ind1=" " ind2=" " tag="504"><subfield code="a">Bibliography: p. 333-336.</subfield></datafield><datafield ind1=" " ind2=" " tag="500"><subfield code="a">Includes indexes.</subfield></datafield><datafield ind1=" " ind2="0" tag="650"><subfield code="a">Tzeltal Indians</subfield><subfield code="x">Ethnozoology.</subfield></datafield><datafield ind1=" " ind2="0" tag="650"><subfield code="a">Ethnozoology</subfield><subfield code="z">Mexico</subfield><subfield code="z">Chiapas.</subfield></datafield><datafield ind1=" " ind2="0" tag="650"><subfield code="a">Tzeltal language</subfield><subfield code="v">Glossaries, vocabularies, etc.</subfield></datafield><datafield ind1=" " ind2="0" tag="650"><subfield code="a">Folk classification</subfield><subfield code="z">Mexico</subfield><subfield code="z">Chiapas.</subfield></datafield><datafield ind1=" " ind2="0" tag="650"><subfield code="a">Indians of Mexico</subfield><subfield code="z">Mexico</subfield><subfield code="z">Chiapas</subfield><subfield code="x">Ethnozoology.</subfield></datafield><datafield ind1=" " ind2=" " tag="035"><subfield code="a">(TxDaGIAL)37741100005345</subfield></datafield><controlfield tag="005">20080624161841.0</controlfield><controlfield tag="001">9335</controlfield><controlfield tag="003">TxDaGIAL</controlfield><datafield ind1=" " ind2=" " tag="852"><subfield code="p">37741100005345</subfield><subfield code="a">Library</subfield><subfield code="x">COPYID:11022</subfield><subfield code="x">FSC@aRegular@c19950630</subfield><subfield code="h">591.012 H938t 1977</subfield><subfield code="z">6123</subfield></datafield></record>