
<record><leader>01094cam a2200277   4500</leader><controlfield tag="008">701012s1969    oku      b    00110 eng  </controlfield><datafield ind1=" " ind2=" " tag="010"><subfield code="a">   79015734</subfield></datafield><datafield ind1=" " ind2=" " tag="040"><subfield code="a">DLC</subfield><subfield code="c">DLC</subfield><subfield code="d">TxDaGIAL</subfield></datafield><datafield ind1="0" ind2=" " tag="041"><subfield code="a">engmyn</subfield></datafield><datafield ind1="0" ind2=" " tag="050"><subfield code="a">PM4466</subfield><subfield code="b">.C63</subfield></datafield><datafield ind1=" " ind2=" " tag="082"><subfield code="a">497/.4</subfield></datafield><datafield ind1="1" ind2="0" tag="100"><subfield code="a">Cowan, Marion M.</subfield></datafield><datafield ind1="1" ind2="0" tag="245"><subfield code="a">Tzotzil grammar /</subfield><subfield code="c">by Marion M. Cowan.</subfield></datafield><datafield ind1=" " ind2=" " tag="250"><subfield code="a">[1st ed.].</subfield></datafield><datafield ind1="0" ind2=" " tag="260"><subfield code="a">Norman :</subfield><subfield code="b">Summer Institute of Linguistics of the University of Oklahoma,</subfield><subfield code="c">[1969]</subfield></datafield><datafield ind1=" " ind2=" " tag="300"><subfield code="a">ix, 119 p. ;</subfield><subfield code="c">23 cm.</subfield></datafield><datafield ind1=" " ind2="0" tag="440"><subfield code="a">Summer Institute of Linguistics publications in linguistics and related fields. Publication ;</subfield><subfield code="v">no. 18</subfield></datafield><datafield ind1=" " ind2=" " tag="504"><subfield code="a">Includes bibliographies.</subfield></datafield><datafield ind1=" " ind2="0" tag="650"><subfield code="a">Tzotzil language</subfield><subfield code="x">Grammar.</subfield></datafield><datafield ind1=" " ind2=" " tag="035"><subfield code="a">(TxDaGIAL)37741100012615</subfield></datafield><controlfield tag="005">20080624161841.0</controlfield><controlfield tag="001">9336</controlfield><controlfield tag="003">TxDaGIAL</controlfield><datafield ind1=" " ind2=" " tag="852"><subfield code="p">37741100012615</subfield><subfield code="a">Library</subfield><subfield code="x">COPYID:11023</subfield><subfield code="x">FSC@aRegular@c19960718</subfield><subfield code="h">497.41515 C874t 1969</subfield><subfield code="z">3003</subfield></datafield><datafield ind1=" " ind2=" " tag="852"><subfield code="p">37741100012616</subfield><subfield code="a">Library</subfield><subfield code="x">COPYID:11024</subfield><subfield code="x">FSC@aRegular@c19960718</subfield><subfield code="h">497.41515 C874t 1969</subfield><subfield code="z">2979</subfield></datafield><datafield ind1=" " ind2=" " tag="852"><subfield code="p">37741100012617</subfield><subfield code="a">Library</subfield><subfield code="x">COPYID:11025</subfield><subfield code="x">FSC@aRegular@c19960718</subfield><subfield code="h">497.41515 C874t 1969</subfield><subfield code="z">3004</subfield></datafield></record>