
<record><leader>01098cam a2200265 i 4500</leader><controlfield tag="008">760630s1955    it       b    001 0 eng c</controlfield><datafield ind1=" " ind2=" " tag="010"><subfield code="a">a  56000395</subfield></datafield><datafield ind1=" " ind2=" " tag="040"><subfield code="a">California. Univ. Libr.</subfield><subfield code="c">MSohG</subfield><subfield code="d">MSohG</subfield><subfield code="d">DLC</subfield></datafield><datafield ind1="0" ind2=" " tag="041"><subfield code="a">enguga</subfield></datafield><datafield ind1="0" ind2="0" tag="050"><subfield code="a">PJ25</subfield><subfield code="b">.A65 vol. 35</subfield></datafield><datafield ind1="1" ind2="0" tag="100"><subfield code="a">Gordon, Cyrus Herzl,</subfield><subfield code="d">1908-</subfield></datafield><datafield ind1="1" ind2="0" tag="245"><subfield code="a">Ugaritic manual :</subfield><subfield code="b">newly revised grammar, texts in transliteration, cuneiform selections, paradigms, glossary, indices.</subfield></datafield><datafield ind1="0" ind2=" " tag="260"><subfield code="a">Roma :</subfield><subfield code="b">Pontificium Institutum Biblicum,</subfield><subfield code="c">1955.</subfield></datafield><datafield ind1=" " ind2=" " tag="300"><subfield code="a">xv, 361 p. ;</subfield><subfield code="c">29 cm.</subfield></datafield><datafield ind1="1" ind2=" " tag="490"><subfield code="a">Analecta Orientalia; commentationes scientificae de rebus Orientis antiqui, 35</subfield></datafield><datafield ind1=" " ind2=" " tag="500"><subfield code="a">Issued in 3 pts. in portfolio.</subfield></datafield><datafield ind1=" " ind2=" " tag="500"><subfield code="a">Pts. 1 and 3 are an extensive revision of pts. 1 and 3 of the authors's Ugaritic handbook; pt. 2 is unchanged.</subfield></datafield><datafield ind1=" " ind2=" " tag="504"><subfield code="a">Bibliography: p. 359-361.</subfield></datafield><datafield ind1=" " ind2="0" tag="650"><subfield code="a">Ugaritic language.</subfield></datafield><datafield ind1=" " ind2="0" tag="830"><subfield code="a">Analecta orientalia ;</subfield><subfield code="v">35.</subfield></datafield><datafield ind1=" " ind2=" " tag="035"><subfield code="a">(TxDaGIAL)37741100019579</subfield></datafield><controlfield tag="005">20080624161841.0</controlfield><controlfield tag="001">9340</controlfield><controlfield tag="003">TxDaGIAL</controlfield><datafield ind1=" " ind2=" " tag="852"><subfield code="p">37741100019579</subfield><subfield code="a">Library</subfield><subfield code="x">COPYID:11029</subfield><subfield code="x">FSC@aRegular@c19970807</subfield><subfield code="h">492.6 G662u 1955</subfield></datafield></record>