
<record><leader>01136nam a2200277 a 4500</leader><controlfield tag="008">950905s1994    sa a          000 0 eng d</controlfield><datafield ind1=" " ind2=" " tag="010"><subfield code="a">   94232509</subfield></datafield><datafield ind1=" " ind2=" " tag="020"><subfield code="a">0636017001 (pbk.) :</subfield><subfield code="c">$16.95</subfield></datafield><datafield ind1=" " ind2=" " tag="040"><subfield code="a">NJQ</subfield><subfield code="c">NJQ</subfield><subfield code="d">GEU</subfield><subfield code="d">DLC</subfield></datafield><datafield ind1="0" ind2=" " tag="041"><subfield code="a">engsso</subfield></datafield><datafield ind1=" " ind2=" " tag="042"><subfield code="a">lccopycat</subfield></datafield><datafield ind1="0" ind2="0" tag="050"><subfield code="a">PL8689.2</subfield><subfield code="b">.W55 1994</subfield></datafield><datafield ind1="0" ind2="0" tag="082"><subfield code="a">496/.39772</subfield><subfield code="2">20</subfield></datafield><datafield ind1="1" ind2=" " tag="100"><subfield code="a">Wilken, Pam.</subfield></datafield><datafield ind1="1" ind2="0" tag="245"><subfield code="a">Understanding everyday Sesotho :</subfield><subfield code="b">a vocabulary and reference book = Buka ya tlotlontswe le katoloso ya tsebo /</subfield><subfield code="c">compiled by Pam Wilken ; translated by B. Khotseng.</subfield></datafield><datafield ind1="3" ind2="1" tag="246"><subfield code="a">Buka ya tlotlontswe le katoloso ya tsebo</subfield></datafield><datafield ind1=" " ind2=" " tag="260"><subfield code="a">Cape Town, South Africa :</subfield><subfield code="b">Maskew Miller Longman ;</subfield><subfield code="a">Johannesburg :</subfield><subfield code="b">Thorold's Africana Books [distributor],</subfield><subfield code="c">c1994.</subfield></datafield><datafield ind1=" " ind2=" " tag="300"><subfield code="a">viii, 94 p. :</subfield><subfield code="b">ill. ;</subfield><subfield code="c">22 cm.</subfield></datafield><datafield ind1=" " ind2=" " tag="546"><subfield code="a">In English and Sotho.</subfield></datafield><datafield ind1=" " ind2="0" tag="650"><subfield code="a">Sotho language</subfield><subfield code="x">Vocabulary.</subfield></datafield><datafield ind1=" " ind2="0" tag="650"><subfield code="a">Sotho language</subfield><subfield code="v">Conversation and phrase books</subfield><subfield code="x">English.</subfield></datafield><datafield ind1=" " ind2=" " tag="035"><subfield code="a">(TxDaGIAL)37741100011287</subfield></datafield><controlfield tag="005">20080624161847.0</controlfield><controlfield tag="001">9370</controlfield><controlfield tag="003">TxDaGIAL</controlfield><datafield ind1=" " ind2=" " tag="852"><subfield code="p">37741100011287</subfield><subfield code="a">Library</subfield><subfield code="9">$14.75</subfield><subfield code="x">FUND:Ling</subfield><subfield code="x">COPYID:11064</subfield><subfield code="x">FSC@aRegular@c19960503</subfield><subfield code="h">496.3977 W681u 1994</subfield><subfield code="z">B/T 4-96</subfield></datafield></record>