
<record><leader>01003cam a2200253Ia 4500</leader><controlfield tag="008">910606s1987    miua     b    000 0 eng d</controlfield><datafield ind1=" " ind2=" " tag="035"><subfield code="a">(CU-UC)dlaisn8204515</subfield></datafield><datafield ind1=" " ind2=" " tag="040"><subfield code="a">PIT</subfield><subfield code="c">PIT</subfield></datafield><datafield ind1=" " ind2=" " tag="043"><subfield code="a">a-pp---</subfield></datafield><datafield ind1="1" ind2=" " tag="100"><subfield code="a">Fullingim, John Michael,</subfield><subfield code="d">1948-</subfield></datafield><datafield ind1="1" ind2="0" tag="245"><subfield code="a">Unravelling murder and mayhem :</subfield><subfield code="b">an interdisciplinary study of a Wiru divination account, Papua New Guinea /</subfield><subfield code="c">by John Michael Fullingim.</subfield></datafield><datafield ind1=" " ind2=" " tag="260"><subfield code="c">1987.</subfield></datafield><datafield ind1=" " ind2=" " tag="300"><subfield code="a">xxi, 383 leaves :</subfield><subfield code="b">ill.</subfield></datafield><datafield ind1=" " ind2=" " tag="502"><subfield code="a">Thesis (Ph. D.)--University of Texas at Arlington, 1987.</subfield></datafield><datafield ind1=" " ind2=" " tag="504"><subfield code="a">Includes bibliographical references (p. 365-380).</subfield></datafield><datafield ind1=" " ind2=" " tag="546"><subfield code="a">English.</subfield></datafield><datafield ind1=" " ind2="0" tag="650"><subfield code="a">Divination</subfield><subfield code="x">Wiru (Papua New guinea people)</subfield></datafield><datafield ind1=" " ind2="0" tag="650"><subfield code="a">Wiru language.</subfield></datafield><datafield ind1=" " ind2="0" tag="650"><subfield code="a">Wiru (Papua New Guinea people)</subfield></datafield><datafield ind1=" " ind2=" " tag="035"><subfield code="a">(TxDaGIAL)37741100023418</subfield></datafield><controlfield tag="005">20080624161901.0</controlfield><controlfield tag="001">9423</controlfield><controlfield tag="003">TxDaGIAL</controlfield><datafield ind1=" " ind2=" " tag="852"><subfield code="p">37741100023418</subfield><subfield code="a">Library</subfield><subfield code="b">Robert Longacre Coll</subfield><subfield code="9">$0.00</subfield><subfield code="x">FUND:GIFT</subfield><subfield code="x">COPYID:11128</subfield><subfield code="x">FSC@aRegular@c19990901</subfield><subfield code="h">133.3 F971u 1987</subfield><subfield code="z">Gift Robert E. Longacre 3-98</subfield></datafield></record>