
<record><leader>00811nam a2200205 i 4500</leader><controlfield tag="008">960513s1973    pp            000 0 eng d</controlfield><datafield ind1=" " ind2=" " tag="020"><subfield code="a">0858041138</subfield></datafield><datafield ind1=" " ind2=" " tag="040"><subfield code="a">TxDaGIAL</subfield><subfield code="c">TxDaGIAL</subfield></datafield><datafield ind1="0" ind2="4" tag="082"><subfield code="a">427.9953</subfield><subfield code="2">20</subfield></datafield><datafield ind1="1" ind2=" " tag="100"><subfield code="a">Sadler, Wesley Leonidas,</subfield><subfield code="d">1909-</subfield></datafield><datafield ind1="1" ind2="0" tag="245"><subfield code="a">Untangled New New Guinea Pidgin :</subfield><subfield code="b">a course of study /</subfield><subfield code="c">by Dr. Wesley Sadler.</subfield></datafield><datafield ind1=" " ind2=" " tag="260"><subfield code="a">Madang, Papua New Guinea :</subfield><subfield code="b">Kristen Pres,</subfield><subfield code="c">c1973.</subfield></datafield><datafield ind1=" " ind2=" " tag="300"><subfield code="a">179 p. ;</subfield><subfield code="c">21 cm.</subfield></datafield><datafield ind1=" " ind2="0" tag="650"><subfield code="a">Tok Pisin language.</subfield></datafield><datafield ind1=" " ind2=" " tag="035"><subfield code="a">(TxDaGIAL)37741100011377</subfield></datafield><controlfield tag="005">20080624161902.0</controlfield><controlfield tag="001">9429</controlfield><controlfield tag="003">TxDaGIAL</controlfield><datafield ind1=" " ind2=" " tag="852"><subfield code="p">37741100011377</subfield><subfield code="a">Library</subfield><subfield code="9">$54.60</subfield><subfield code="x">COPYID:11134</subfield><subfield code="x">FSC@aRegular@c19960513</subfield><subfield code="h">427.9953 S126u 1973</subfield></datafield><datafield ind1=" " ind2=" " tag="852"><subfield code="p">37741100024212</subfield><subfield code="a">Library</subfield><subfield code="9">$0.00</subfield><subfield code="x">FUND:Gift</subfield><subfield code="x">COPYID:11135</subfield><subfield code="x">FSC@aRegular@c20001010</subfield><subfield code="h">427.9953 S126u 1973</subfield><subfield code="z">Gift Kenneth A. McElhanon 8-00</subfield></datafield></record>