
<record><leader>00886nam a2200217 i 4500</leader><controlfield tag="008">960427s1996    txua          000 0 eng d</controlfield><datafield ind1=" " ind2=" " tag="040"><subfield code="a">TxDaGIAL</subfield><subfield code="c">TxDaGIAL</subfield></datafield><datafield ind1="1" ind2=" " tag="100"><subfield code="a">Daley, Karen Ann.</subfield></datafield><datafield ind1="1" ind2="4" tag="245"><subfield code="a">The use of classifiers in Vietnamese narrative texts /</subfield><subfield code="c">by Karen Ann Chadbourne Daley.</subfield></datafield><datafield ind1=" " ind2=" " tag="260"><subfield code="c">1996.</subfield></datafield><datafield ind1=" " ind2=" " tag="300"><subfield code="a">xii, 249 leaves :</subfield><subfield code="b">ill. ;</subfield><subfield code="c">30 cm.</subfield></datafield><datafield ind1=" " ind2=" " tag="502"><subfield code="a">Thesis (M.A.)--University of Texas at Arlington, 1996.</subfield></datafield><datafield ind1=" " ind2=" " tag="504"><subfield code="a">Includes bibliographical references (leaves 242-249).</subfield></datafield><datafield ind1=" " ind2="0" tag="650"><subfield code="a">Vietnamese language</subfield><subfield code="x">Classifiers.</subfield></datafield><datafield ind1=" " ind2="0" tag="650"><subfield code="a">Vietnamese language</subfield><subfield code="x">Discourse analysis.</subfield></datafield><datafield ind1="2" ind2="0" tag="610"><subfield code="a">University of Texas at Arlington.</subfield><subfield code="b">Graduate School</subfield><subfield code="x">Dissertations.</subfield></datafield><datafield ind1=" " ind2=" " tag="035"><subfield code="a">(TxDaGIAL)37741100011179</subfield></datafield><controlfield tag="005">20080624161903.0</controlfield><controlfield tag="001">9439</controlfield><controlfield tag="003">TxDaGIAL</controlfield><datafield ind1=" " ind2=" " tag="852"><subfield code="p">37741100011179</subfield><subfield code="a">Library</subfield><subfield code="9">$0.00</subfield><subfield code="x">COPYID:11146</subfield><subfield code="x">FSC@aRegular@c19960416</subfield><subfield code="h">495.922 D153u 1996</subfield><subfield code="z">Author gift  1-96</subfield></datafield></record>