
<record><leader>00869nam a22002411  4500</leader><controlfield tag="008">950530s1995    txua          000 0 eng d</controlfield><datafield ind1=" " ind2=" " tag="040"><subfield code="a">TxDaGIAL</subfield><subfield code="c">TxDaGIAL</subfield></datafield><datafield ind1=" " ind2=" " tag="050"><subfield code="a">PL4251.P85</subfield></datafield><datafield ind1="1" ind2=" " tag="100"><subfield code="a">Snyder, Donna Marie.</subfield></datafield><datafield ind1="1" ind2="0" tag="245"><subfield code="a">Variation in Bouyei /</subfield><subfield code="c">by Donna Marie Snyder.</subfield></datafield><datafield ind1=" " ind2=" " tag="260"><subfield code="c">c1995.</subfield></datafield><datafield ind1=" " ind2=" " tag="300"><subfield code="a">xiii, 126 p. :</subfield><subfield code="b">ill., maps ;</subfield><subfield code="c">28 cm.</subfield></datafield><datafield ind1=" " ind2=" " tag="502"><subfield code="a">Thesis (M.A.)--University of Texas at Arlington, 1995.</subfield></datafield><datafield ind1=" " ind2=" " tag="504"><subfield code="a">Includes bibliographical references: p. 119-126.</subfield></datafield><datafield ind1=" " ind2="0" tag="650"><subfield code="a">Bouyei language</subfield><subfield code="x">Variation.</subfield></datafield><datafield ind1="2" ind2="0" tag="610"><subfield code="a">University of Texas at Arlington.</subfield><subfield code="b">Graduate School.</subfield></datafield><datafield ind1=" " ind2="0" tag="650"><subfield code="a">Bouyei language</subfield><subfield code="x">Dialects.</subfield></datafield><datafield ind1=" " ind2="0" tag="650"><subfield code="a">Tai languages.</subfield></datafield><datafield ind1=" " ind2=" " tag="035"><subfield code="a">(TxDaGIAL)37741100004404</subfield></datafield><controlfield tag="005">20080624161911.0</controlfield><controlfield tag="001">9469</controlfield><controlfield tag="003">TxDaGIAL</controlfield><datafield ind1=" " ind2=" " tag="852"><subfield code="p">37741100004404</subfield><subfield code="a">Library</subfield><subfield code="9">$0.00</subfield><subfield code="x">COPYID:11187</subfield><subfield code="x">FSC@aRegular@c19950530</subfield><subfield code="h">495.919 S675v 1995</subfield><subfield code="z">gift author 5-95</subfield></datafield></record>