
<record><leader>00963Qam a2200241Ia 4500</leader><controlfield tag="008">821028s19531953miua     b    000 0 eng d</controlfield><datafield ind1=" " ind2=" " tag="035"><subfield code="a">(CU-UC)486266</subfield></datafield><datafield ind1=" " ind2=" " tag="040"><subfield code="a">CU-SC</subfield><subfield code="c">CU-SC</subfield></datafield><datafield ind1="1" ind2=" " tag="100"><subfield code="a">Gage, William W.</subfield></datafield><datafield ind1="1" ind2="0" tag="245"><subfield code="a">Verb constructions in Vietnamese /</subfield><subfield code="c">by William W. Gage and H. Merrill Jackson.</subfield></datafield><datafield ind1=" " ind2=" " tag="260"><subfield code="a">Ithaca, N.Y. :</subfield><subfield code="b">Southeast Asia Program, Dept. of Far Eastern Studies, Cornell University,</subfield><subfield code="c">1953.</subfield></datafield><datafield ind1=" " ind2=" " tag="300"><subfield code="a">14 p. :</subfield><subfield code="b">ill. ;</subfield><subfield code="c">28 cm.</subfield></datafield><datafield ind1="1" ind2=" " tag="490"><subfield code="a">Data paper / Southeast Asia Program, Department of Far Eastern Studies, Cornell University</subfield></datafield><datafield ind1=" " ind2=" " tag="504"><subfield code="a">Bibliography: p. 14.</subfield></datafield><datafield ind1=" " ind2=" " tag="546"><subfield code="a">English.</subfield></datafield><datafield ind1=" " ind2="0" tag="650"><subfield code="a">Vietnamese language</subfield><subfield code="x">Verb.</subfield></datafield><datafield ind1="1" ind2="0" tag="700"><subfield code="a">Jackson, H. Merrill.</subfield></datafield><datafield ind1=" " ind2="0" tag="830"><subfield code="a">Data paper (Cornell University. Southeast Asia Program) ;</subfield><subfield code="v">no. 9.</subfield></datafield><datafield ind1=" " ind2=" " tag="035"><subfield code="a">(TxDaGIAL)37741100015418</subfield></datafield><controlfield tag="005">20080624161914.0</controlfield><controlfield tag="001">9482</controlfield><controlfield tag="003">TxDaGIAL</controlfield><datafield ind1=" " ind2=" " tag="852"><subfield code="p">37741100015418</subfield><subfield code="a">Library</subfield><subfield code="x">COPYID:11205</subfield><subfield code="x">FSC@aRegular@c19970226</subfield><subfield code="h">495.9225 G133v 1953</subfield><subfield code="z">1995</subfield></datafield></record>