
<record><leader>00810 am a2200229 a 4500</leader><controlfield tag="008">111771s1931    pau           000 0 eng00</controlfield><datafield ind1=" " ind2=" " tag="010"><subfield code="a">32-15505 rev</subfield></datafield><datafield ind1=" " ind2=" " tag="035"><subfield code="a">(CU-UC)dlaisn2098937</subfield></datafield><datafield ind1="1" ind2=" " tag="100"><subfield code="a">Kramer, Samuel Noah,</subfield><subfield code="d">1897-</subfield></datafield><datafield ind1="1" ind2="4" tag="245"><subfield code="a">The verb in the Kirkuk tablets.</subfield></datafield><datafield ind1=" " ind2=" " tag="260"><subfield code="a">Philadelphia :</subfield><subfield code="b">[s.n.],</subfield><subfield code="c">1931.</subfield></datafield><datafield ind1=" " ind2=" " tag="300"><subfield code="a">62-119p. ;</subfield><subfield code="c">24cm.</subfield></datafield><datafield ind1=" " ind2=" " tag="500"><subfield code="a">Thesis--University of Pennsylvania. "Reprint from the Annual of the American Schools of Oriental Research, vol.XI for 1929-1930."</subfield></datafield><datafield ind1=" " ind2=" " tag="504"><subfield code="a">Bibliography: p.62.</subfield></datafield><datafield ind1=" " ind2=" " tag="546"><subfield code="a">English.</subfield></datafield><datafield ind1=" " ind2="0" tag="650"><subfield code="a">Akkadian language</subfield><subfield code="x">Verb.</subfield></datafield><datafield ind1="4" ind2="1" tag="740"><subfield code="a">The Kirkuk tablets.</subfield></datafield><datafield ind1=" " ind2=" " tag="035"><subfield code="a">(TxDaGIAL)37741100014688</subfield></datafield><controlfield tag="005">20080624161914.0</controlfield><controlfield tag="001">9483</controlfield><controlfield tag="003">TxDaGIAL</controlfield><datafield ind1=" " ind2=" " tag="852"><subfield code="p">37741100014688</subfield><subfield code="a">Library</subfield><subfield code="x">COPYID:11206</subfield><subfield code="x">FSC@aRegular@c19970127</subfield><subfield code="h">492.1 K89v 1931</subfield><subfield code="z">304</subfield></datafield></record>