
<record><leader>01099cam a2200277 a 4500</leader><controlfield tag="008">841016s1983    at a     b    00010 eng  </controlfield><datafield ind1=" " ind2=" " tag="010"><subfield code="a">   84227446 //r90</subfield></datafield><datafield ind1=" " ind2=" " tag="020"><subfield code="a">0858832801 (pbk.)</subfield></datafield><datafield ind1=" " ind2=" " tag="040"><subfield code="a">DLC</subfield><subfield code="c">DLC</subfield><subfield code="d">DLC</subfield></datafield><datafield ind1="0" ind2="0" tag="050"><subfield code="a">PL5073</subfield><subfield code="b">.T36 1983</subfield></datafield><datafield ind1="0" ind2="0" tag="082"><subfield code="a">499/.2215</subfield><subfield code="2">19</subfield></datafield><datafield ind1="1" ind2="0" tag="100"><subfield code="a">Tampubolon, D. P.</subfield><subfield code="q">(Daulat Purnama)</subfield></datafield><datafield ind1="1" ind2="0" tag="245"><subfield code="a">Verbal affixations in Indonesian :</subfield><subfield code="b">a semantic exploration /</subfield><subfield code="c">by D.P. ampubolon.</subfield></datafield><datafield ind1="0" ind2=" " tag="260"><subfield code="a">Canberra, A.C.T., Australia :</subfield><subfield code="b">Dept. of Linguistics, Research School of Pacific Studies, Australian National University,</subfield><subfield code="c">1983.</subfield></datafield><datafield ind1=" " ind2=" " tag="300"><subfield code="a">v, 156, 19 p. :</subfield><subfield code="b">ill. ;</subfield><subfield code="c">25 cm.</subfield></datafield><datafield ind1=" " ind2="0" tag="440"><subfield code="a">Pacific linguistics.</subfield><subfield code="n">Series D ;</subfield><subfield code="v">no. 48</subfield></datafield><datafield ind1=" " ind2="0" tag="440"><subfield code="a">Materials in languages of Indonesia ;</subfield><subfield code="v">no. 14</subfield></datafield><datafield ind1=" " ind2=" " tag="504"><subfield code="a">Bibliography: p. 149-156.</subfield></datafield><datafield ind1=" " ind2="0" tag="650"><subfield code="a">Indonesian language</subfield><subfield code="x">Affixes.</subfield></datafield><datafield ind1=" " ind2="0" tag="650"><subfield code="a">Indonesian language</subfield><subfield code="x">Verb.</subfield></datafield><datafield ind1=" " ind2="0" tag="650"><subfield code="a">Indonesian language</subfield><subfield code="x">Semantics.</subfield></datafield><datafield ind1=" " ind2=" " tag="035"><subfield code="a">(TxDaGIAL)37741100012342</subfield></datafield><controlfield tag="005">20080624161915.0</controlfield><controlfield tag="001">9488</controlfield><controlfield tag="003">TxDaGIAL</controlfield><datafield ind1=" " ind2=" " tag="852"><subfield code="p">37741100012342</subfield><subfield code="a">Library</subfield><subfield code="x">COPYID:11211</subfield><subfield code="x">FSC@aRegular@c19960708</subfield><subfield code="h">499.2215 T159v 1983</subfield><subfield code="z">s.o. 10934</subfield></datafield></record>