
<record><leader>01087pam a2200301 a 4500</leader><controlfield tag="008">900108s1990    enka     b    00110 eng  </controlfield><datafield ind1=" " ind2=" " tag="010"><subfield code="a">   90001321</subfield></datafield><datafield ind1=" " ind2=" " tag="020"><subfield code="a">052138513X</subfield></datafield><datafield ind1=" " ind2=" " tag="040"><subfield code="a">DLC</subfield><subfield code="c">DLC</subfield><subfield code="d">DLC</subfield></datafield><datafield ind1="0" ind2=" " tag="041"><subfield code="a">engsai</subfield></datafield><datafield ind1=" " ind2=" " tag="043"><subfield code="a">ncpn---</subfield></datafield><datafield ind1="0" ind2="0" tag="050"><subfield code="a">PM3743.1</subfield><subfield code="b">.S54 1990</subfield></datafield><datafield ind1="0" ind2="0" tag="082"><subfield code="a">498/.2</subfield><subfield code="2">20</subfield></datafield><datafield ind1="1" ind2="0" tag="100"><subfield code="a">Sherzer, Joel.</subfield></datafield><datafield ind1="1" ind2="0" tag="245"><subfield code="a">Verbal art in San Blas :</subfield><subfield code="b">Kuna culture through its discourse /</subfield><subfield code="c">Joel Scherzer.</subfield></datafield><datafield ind1="0" ind2=" " tag="260"><subfield code="a">Cambridge [England] ;</subfield><subfield code="a">New York :</subfield><subfield code="b">Cambridge University Press,</subfield><subfield code="c">1990.</subfield></datafield><datafield ind1=" " ind2=" " tag="300"><subfield code="a">x, 281 p. :</subfield><subfield code="b">ill. ;</subfield><subfield code="c">24 cm.</subfield></datafield><datafield ind1=" " ind2="0" tag="440"><subfield code="a">Cambridge studies in oral and literate culture ;</subfield><subfield code="v">21</subfield></datafield><datafield ind1=" " ind2=" " tag="500"><subfield code="a">English and Cuna.</subfield></datafield><datafield ind1=" " ind2=" " tag="504"><subfield code="a">Includes bibliographical references (p. 270-280) and index.</subfield></datafield><datafield ind1=" " ind2="0" tag="650"><subfield code="a">Cuna language</subfield><subfield code="x">Discourse analysis.</subfield></datafield><datafield ind1=" " ind2="0" tag="650"><subfield code="a">Cuna literature</subfield><subfield code="x">History and criticism.</subfield></datafield><datafield ind1=" " ind2="0" tag="650"><subfield code="a">Cuna language</subfield><subfield code="x">Social aspects.</subfield></datafield><datafield ind1=" " ind2=" " tag="035"><subfield code="a">(TxDaGIAL)37741100007217</subfield></datafield><controlfield tag="005">20080624161915.0</controlfield><controlfield tag="001">9489</controlfield><controlfield tag="003">TxDaGIAL</controlfield><datafield ind1=" " ind2=" " tag="852"><subfield code="p">37741100007217</subfield><subfield code="a">Library</subfield><subfield code="9">$49.95</subfield><subfield code="x">COPYID:11212</subfield><subfield code="x">FSC@aRegular@c19950823</subfield><subfield code="h">498.222 S554v 1990</subfield><subfield code="z">B/T 4-92</subfield></datafield></record>