
<record><leader>01286cam a2200289 a 4500</leader><controlfield tag="008">890915s1989    txua     b    000 0 eng  </controlfield><datafield ind1=" " ind2=" " tag="010"><subfield code="a">   89186276 //r94</subfield><subfield code="z">88-062276</subfield></datafield><datafield ind1=" " ind2=" " tag="020"><subfield code="a">0883120372</subfield></datafield><datafield ind1=" " ind2=" " tag="040"><subfield code="a">DLC</subfield><subfield code="c">DLC</subfield><subfield code="d">DLC</subfield></datafield><datafield ind1="0" ind2="0" tag="050"><subfield code="a">PL8273.1</subfield><subfield code="b">.A35 1989</subfield></datafield><datafield ind1="0" ind2="0" tag="082"><subfield code="a">496/.33</subfield><subfield code="2">20</subfield></datafield><datafield ind1="1" ind2="0" tag="100"><subfield code="a">Adive, John R.</subfield></datafield><datafield ind1="1" ind2="4" tag="245"><subfield code="a">The verbal piece in Ebira /</subfield><subfield code="c">by John R. Adive.</subfield></datafield><datafield ind1="0" ind2=" " tag="260"><subfield code="a">Dallas, TX :</subfield><subfield code="b">Summer Institute of Linguistics ;</subfield><subfield code="a">[Arlington] :</subfield><subfield code="b">University of Texas at Arlington,</subfield><subfield code="c">1989.</subfield></datafield><datafield ind1=" " ind2=" " tag="300"><subfield code="a">xii, 164 p. :</subfield><subfield code="b">ill. ;</subfield><subfield code="c">23 cm.</subfield></datafield><datafield ind1=" " ind2="0" tag="440"><subfield code="a">Summer Institute of Linguistics and the University of Texas at Arlington publications in linguistics,</subfield><subfield code="x">1040-0850 ;</subfield><subfield code="v">publication 85</subfield></datafield><datafield ind1=" " ind2=" " tag="500"><subfield code="a">Revision of the author's thesis (Ph.D., University of London, 1984).</subfield></datafield><datafield ind1=" " ind2=" " tag="504"><subfield code="a">Includes bibliographical references (p. 161-164).</subfield></datafield><datafield ind1=" " ind2="0" tag="650"><subfield code="a">Ebira language</subfield><subfield code="x">Verb.</subfield></datafield><datafield ind1=" " ind2="0" tag="650"><subfield code="a">Ebira language</subfield><subfield code="x">Verb phrase.</subfield></datafield><datafield ind1=" " ind2="0" tag="650"><subfield code="a">Ebira language</subfield><subfield code="x">Verbals.</subfield></datafield><datafield ind1=" " ind2=" " tag="035"><subfield code="a">(TxDaGIAL)37741100004109</subfield></datafield><controlfield tag="005">20080624161916.0</controlfield><controlfield tag="001">9491</controlfield><controlfield tag="003">TxDaGIAL</controlfield><datafield ind1=" " ind2=" " tag="852"><subfield code="p">37741100004109</subfield><subfield code="a">Library</subfield><subfield code="9">$0.00</subfield><subfield code="x">COPYID:11214</subfield><subfield code="x">FSC@aRegular@c19950516</subfield><subfield code="h">496.33 A235v 1989</subfield><subfield code="z">Standing order 9-89</subfield></datafield><datafield ind1=" " ind2=" " tag="852"><subfield code="p">37741100004110</subfield><subfield code="a">Library</subfield><subfield code="9">$0.00</subfield><subfield code="x">COPYID:11215</subfield><subfield code="x">FSC@aRegular@c19950516</subfield><subfield code="h">496.33 A235v 1989</subfield><subfield code="z">Standing order 9-89</subfield></datafield></record>