
<record><leader>00781nam a2200217 i 4500</leader><controlfield tag="008">951220s1995    txu           000 0 eng d</controlfield><datafield ind1=" " ind2=" " tag="040"><subfield code="a">TxDaGIAL</subfield><subfield code="c">TxDaGIAL</subfield></datafield><datafield ind1="1" ind2=" " tag="100"><subfield code="a">Wright, Douglas Scott.</subfield></datafield><datafield ind1="1" ind2="4" tag="245"><subfield code="a">The verbal system of Logo (Logoti) /</subfield><subfield code="c">by Douglas Scott Wright.</subfield></datafield><datafield ind1=" " ind2=" " tag="260"><subfield code="c">1995.</subfield></datafield><datafield ind1=" " ind2=" " tag="300"><subfield code="a">x, 135 p. ;</subfield><subfield code="c">28 cm.</subfield></datafield><datafield ind1=" " ind2=" " tag="502"><subfield code="a">Thesis (M.A.)--University of Texas at Arlington, 1995.</subfield></datafield><datafield ind1=" " ind2=" " tag="504"><subfield code="a">Bibliography: p. 133-135.</subfield></datafield><datafield ind1=" " ind2="0" tag="650"><subfield code="a">Central Sudanic languages.</subfield></datafield><datafield ind1="2" ind2="0" tag="610"><subfield code="a">University of Texas at Arlington.</subfield><subfield code="b">Graduate School.</subfield></datafield><datafield ind1=" " ind2="0" tag="650"><subfield code="a">Logo language (Zaire)</subfield></datafield><datafield ind1=" " ind2=" " tag="035"><subfield code="a">(TxDaGIAL)37741100010317</subfield></datafield><controlfield tag="005">20080624161916.0</controlfield><controlfield tag="001">9492</controlfield><controlfield tag="003">TxDaGIAL</controlfield><datafield ind1=" " ind2=" " tag="852"><subfield code="p">37741100010317</subfield><subfield code="a">Library</subfield><subfield code="9">$0.00</subfield><subfield code="x">COPYID:11216</subfield><subfield code="x">FSC@aRegular@c19951220</subfield><subfield code="h">496.5 W948v 1995</subfield><subfield code="z">Author gift 1995</subfield></datafield></record>