
<record><leader>00845nam a2200241   4500</leader><controlfield tag="008">880325s1971    rur      b    00000 rusr </controlfield><datafield ind1=" " ind2=" " tag="010"><subfield code="a">   77881602</subfield></datafield><datafield ind1=" " ind2=" " tag="035"><subfield code="a">(CU-UC)4254903</subfield></datafield><datafield ind1=" " ind2=" " tag="040"><subfield code="a">DLC</subfield><subfield code="c">ODaWU</subfield><subfield code="d">RPB</subfield><subfield code="d">CStRLIN</subfield><subfield code="d">CU-SB</subfield></datafield><datafield ind1="0" ind2=" " tag="050"><subfield code="a">PG2271</subfield><subfield code="b">.B66</subfield></datafield><datafield ind1="1" ind2="0" tag="100"><subfield code="a">Bondarko, A. V.</subfield><subfield code="q">(Aleksandr Vladimirovich)</subfield></datafield><datafield ind1="1" ind2="0" tag="245"><subfield code="a">Vid i vrem&#65056;i&#65057;a russkogo glagola. :</subfield><subfield code="b">(Znachenie i upotreblenie) Posobie dl&#65056;i&#65057;a studentov.</subfield></datafield><datafield ind1="0" ind2=" " tag="260"><subfield code="a">Moskva :</subfield><subfield code="b">"Procveshchenie,",</subfield><subfield code="c">1971.</subfield></datafield><datafield ind1=" " ind2=" " tag="300"><subfield code="a">239 p. ;</subfield><subfield code="c">21 cm.</subfield></datafield><datafield ind1=" " ind2=" " tag="500"><subfield code="a">At head of title: A. V. Bondarko.</subfield></datafield><datafield ind1=" " ind2=" " tag="500"><subfield code="a">Includes bibliographical references.</subfield></datafield><datafield ind1=" " ind2=" " tag="546"><subfield code="a">Russian.</subfield></datafield><datafield ind1=" " ind2="0" tag="650"><subfield code="a">Russian language</subfield><subfield code="x">Verb.</subfield></datafield><datafield ind1=" " ind2=" " tag="035"><subfield code="a">(TxDaGIAL)37741100018979</subfield></datafield><controlfield tag="005">20080624161919.0</controlfield><controlfield tag="001">9507</controlfield><controlfield tag="003">TxDaGIAL</controlfield><datafield ind1=" " ind2=" " tag="852"><subfield code="p">37741100018979</subfield><subfield code="a">Library</subfield><subfield code="x">COPYID:11233</subfield><subfield code="x">FSC@aRegular@c19970714</subfield><subfield code="h">491.75 B711v 1971</subfield></datafield></record>