
<record><leader>00719cam a2200217 i 4500</leader><controlfield tag="008">741118s1991    vtu      d    00010 engm </controlfield><datafield ind1=" " ind2=" " tag="020"><subfield code="a">080481712x</subfield></datafield><datafield ind1=" " ind2=" " tag="040"><subfield code="a">TxDaGIAL</subfield><subfield code="c">TxDaGIAL</subfield></datafield><datafield ind1="0" ind2=" " tag="041"><subfield code="a">engvie</subfield></datafield><datafield ind1="1" ind2="0" tag="100"><subfield code="a">Nguy&#771;&#234;n, &#272;&#236;nh Ho&#224;,</subfield><subfield code="d">1924-</subfield></datafield><datafield ind1="1" ind2="0" tag="245"><subfield code="a">Vietnamese-English dictionary /</subfield><subfield code="c">[by] Nguyen-dinh-Hoa.</subfield></datafield><datafield ind1=" " ind2=" " tag="250"><subfield code="a">1st paperback ed.</subfield></datafield><datafield ind1="0" ind2=" " tag="260"><subfield code="a">Rutland, Vt. :</subfield><subfield code="b">C.E. Tuttle Co.,</subfield><subfield code="c">c1991.</subfield></datafield><datafield ind1=" " ind2=" " tag="300"><subfield code="a">xiv, 568 p. ;</subfield><subfield code="c">19 cm.</subfield></datafield><datafield ind1=" " ind2=" " tag="546"><subfield code="a">English.</subfield></datafield><datafield ind1=" " ind2="0" tag="650"><subfield code="a">Vietnamese language</subfield><subfield code="v">Dictionaries</subfield><subfield code="x">English.</subfield></datafield><datafield ind1=" " ind2=" " tag="035"><subfield code="a">(TxDaGIAL)37741100015417</subfield></datafield><controlfield tag="005">20080624161919.0</controlfield><controlfield tag="001">9512</controlfield><controlfield tag="003">TxDaGIAL</controlfield><datafield ind1=" " ind2=" " tag="852"><subfield code="p">37741100015417</subfield><subfield code="a">Library</subfield><subfield code="x">COPYID:11238</subfield><subfield code="x">FSC@aRegular@c19970226</subfield><subfield code="h">495.922321 N5763v 1991</subfield><subfield code="z">Cellar 1993</subfield></datafield></record>