
<record><leader>01023cam a2200265 i 4500</leader><controlfield tag="008">751120s1975    vau           00010 eng  </controlfield><datafield ind1=" " ind2=" " tag="010"><subfield code="a">   75024857</subfield></datafield><datafield ind1=" " ind2=" " tag="020"><subfield code="a">0872810445 :</subfield><subfield code="c">$2.00</subfield></datafield><datafield ind1=" " ind2=" " tag="040"><subfield code="a">DLC</subfield><subfield code="c">DLC</subfield><subfield code="d">TxDaGIAL</subfield></datafield><datafield ind1="0" ind2=" " tag="041"><subfield code="a">engvie</subfield></datafield><datafield ind1="0" ind2=" " tag="050"><subfield code="a">PL4375</subfield><subfield code="b">.D8</subfield></datafield><datafield ind1=" " ind2=" " tag="082"><subfield code="a">428/.3/495922</subfield></datafield><datafield ind1="0" ind2="0" tag="100"><subfield code="a">D&#432;&#417;ng Thanh B&#236;nh.</subfield></datafield><datafield ind1="1" ind2="0" tag="245"><subfield code="a">Vietnamese-English phrasebook with useful word list (for English speakers) /</subfield><subfield code="c">by Duong Thanh Binh, William Gage.</subfield></datafield><datafield ind1="0" ind2=" " tag="260"><subfield code="a">Arlington, Va. :</subfield><subfield code="b">Center for Applied Linguistics,</subfield><subfield code="c">1975.</subfield></datafield><datafield ind1=" " ind2=" " tag="300"><subfield code="a">xxvi, 74 p. ;</subfield><subfield code="c">19 cm.</subfield></datafield><datafield ind1=" " ind2="0" tag="440"><subfield code="a">Vietnamese refugee education series ;</subfield><subfield code="v">2</subfield></datafield><datafield ind1=" " ind2="0" tag="650"><subfield code="a">Vietnamese language</subfield><subfield code="v">Conversation and phrase books.</subfield></datafield><datafield ind1="1" ind2="0" tag="700"><subfield code="a">Gage, William W.,</subfield><subfield code="e">joint author.</subfield></datafield><datafield ind1=" " ind2=" " tag="035"><subfield code="a">(TxDaGIAL)37741100009387</subfield></datafield><controlfield tag="005">20080624161920.0</controlfield><controlfield tag="001">9513</controlfield><controlfield tag="003">TxDaGIAL</controlfield><datafield ind1=" " ind2=" " tag="852"><subfield code="p">37741100009387</subfield><subfield code="a">Library</subfield><subfield code="x">COPYID:11239</subfield><subfield code="x">FSC@aRegular@c19951108</subfield><subfield code="h">495.9228 D584v 1975</subfield><subfield code="z">10-84</subfield></datafield><datafield ind1=" " ind2=" " tag="852"><subfield code="p">37741100009388</subfield><subfield code="a">Library</subfield><subfield code="x">COPYID:11240</subfield><subfield code="x">FSC@aRegular@c19951108</subfield><subfield code="h">495.9228 D584v 1975</subfield></datafield></record>