
<record><leader>00868cam a2200241   4500</leader><controlfield tag="008">701209s1970    hiua          00000 eng  </controlfield><datafield ind1=" " ind2=" " tag="010"><subfield code="a">   70128082 //r84</subfield></datafield><datafield ind1=" " ind2=" " tag="020"><subfield code="a">087022462X</subfield></datafield><datafield ind1=" " ind2=" " tag="040"><subfield code="a">DLC</subfield><subfield code="c">DLC</subfield><subfield code="d">TxDaGIAL</subfield></datafield><datafield ind1="0" ind2=" " tag="050"><subfield code="a">PL4379</subfield><subfield code="b">.N43</subfield></datafield><datafield ind1=" " ind2=" " tag="082"><subfield code="a">495/.922/81</subfield></datafield><datafield ind1="1" ind2="0" tag="100"><subfield code="a">Nguy&#771;&#234;n, &#272;&#259;ng Li&#234;m.</subfield></datafield><datafield ind1="1" ind2="0" tag="245"><subfield code="a">Vietnamese pronunciation /</subfield><subfield code="c">by Nguyen-Dang-Liem.</subfield></datafield><datafield ind1="0" ind2=" " tag="260"><subfield code="a">Honolulu :</subfield><subfield code="b">University of Hawaii Press,</subfield><subfield code="c">1970.</subfield></datafield><datafield ind1=" " ind2=" " tag="300"><subfield code="a">xi, 269 p. :</subfield><subfield code="b">illus. ;</subfield><subfield code="c">23 cm.</subfield></datafield><datafield ind1="1" ind2=" " tag="490"><subfield code="a">PALI language texts: Southeast Asia</subfield></datafield><datafield ind1=" " ind2="0" tag="650"><subfield code="a">Vietnamese language</subfield><subfield code="x">Pronunciation.</subfield></datafield><datafield ind1="1" ind2=" " tag="810"><subfield code="a">Hawaii.</subfield><subfield code="b">University.</subfield><subfield code="b">Pacific and Asian Linguistics Institute.</subfield><subfield code="t">PALI language texts.</subfield></datafield><datafield ind1=" " ind2=" " tag="035"><subfield code="a">(TxDaGIAL)37741100009392</subfield></datafield><controlfield tag="005">20080624161920.0</controlfield><controlfield tag="001">9516</controlfield><controlfield tag="003">TxDaGIAL</controlfield><datafield ind1=" " ind2=" " tag="852"><subfield code="p">37741100009392</subfield><subfield code="a">Library</subfield><subfield code="x">COPYID:11245</subfield><subfield code="x">FSC@aRegular@c19951108</subfield><subfield code="h">495.92281 N576v 1970</subfield><subfield code="z">10006</subfield></datafield></record>