
<record><leader>00809nam a2200241Ii 4500</leader><controlfield tag="008">740409s1961    waua          00010denge </controlfield><datafield ind1=" " ind2=" " tag="010"><subfield code="a">   61014429 /L</subfield></datafield><datafield ind1=" " ind2=" " tag="035"><subfield code="a">(CU-UC)889027</subfield></datafield><datafield ind1=" " ind2=" " tag="040"><subfield code="a">DLC</subfield><subfield code="c">YNG</subfield><subfield code="d">SER</subfield><subfield code="d">CLU</subfield></datafield><datafield ind1="0" ind2=" " tag="050"><subfield code="a">PL4378</subfield><subfield code="b">.T48</subfield></datafield><datafield ind1=" " ind2=" " tag="082"><subfield code="a">495.92</subfield></datafield><datafield ind1="1" ind2="0" tag="100"><subfield code="a">Thompson, Laurence C.</subfield></datafield><datafield ind1="1" ind2="2" tag="245"><subfield code="a">A Vietnamese reader /</subfield><subfield code="c">by Laurence C. Thompson and Nguyen duc Hiep.</subfield></datafield><datafield ind1="0" ind2=" " tag="260"><subfield code="a">Seattle :</subfield><subfield code="b">University of Washington Press,</subfield><subfield code="c">1961.</subfield></datafield><datafield ind1=" " ind2=" " tag="300"><subfield code="a">xvi, 368 p. :</subfield><subfield code="b">illus. ;</subfield><subfield code="c">24 cm.</subfield></datafield><datafield ind1=" " ind2=" " tag="546"><subfield code="a">English.</subfield></datafield><datafield ind1=" " ind2="0" tag="650"><subfield code="a">Vietnamese language</subfield><subfield code="v">Readers.</subfield></datafield><datafield ind1="0" ind2="0" tag="700"><subfield code="a">Nguy&#234;n-d&#769;&#432;c-Hi&#803;&#234;p.</subfield></datafield><datafield ind1=" " ind2=" " tag="035"><subfield code="a">(TxDaGIAL)37741100015415</subfield></datafield><controlfield tag="005">20080624161920.0</controlfield><controlfield tag="001">9517</controlfield><controlfield tag="003">TxDaGIAL</controlfield><datafield ind1=" " ind2=" " tag="852"><subfield code="p">37741100015415</subfield><subfield code="a">Library</subfield><subfield code="b">Kenneth L. Pike Coll</subfield><subfield code="x">COPYID:11246</subfield><subfield code="x">FSC@aRegular@c19970226</subfield><subfield code="h">495.92286 T473v 1961</subfield><subfield code="z">165</subfield></datafield></record>