
<record><leader>00948nam a2200217Ii 4500</leader><controlfield tag="008">751024s1966    bo            00010 spa d</controlfield><datafield ind1=" " ind2=" " tag="035"><subfield code="a">(CU-UC)2429350</subfield></datafield><datafield ind1=" " ind2=" " tag="040"><subfield code="a">LDL</subfield><subfield code="c">LDL</subfield><subfield code="d">m.c.</subfield><subfield code="d">RQA</subfield></datafield><datafield ind1="1" ind2="0" tag="100"><subfield code="a">Key, Mary Ritchie.</subfield></datafield><datafield ind1="1" ind2="0" tag="245"><subfield code="a">Vocabulario castellano regional /</subfield><subfield code="c">compilado por Mary Ritchie de Key.</subfield></datafield><datafield ind1="0" ind2=" " tag="260"><subfield code="a">Riberalta, Bolivia :</subfield><subfield code="b">Publicado por el Instituto Ling&#252;&#237;stico de Verano en colaboraci&#243;n con el Ministerio de Asuntos Campesinos y el Ministerio de Educaci&#243;n y Bellas Artes, Oficial&#237;a Mayor de Cultura, Direcci&#243;n Nacional de Antropolog&#237;a,</subfield><subfield code="c">1966.</subfield></datafield><datafield ind1=" " ind2=" " tag="300"><subfield code="a">62 p.</subfield></datafield><datafield ind1=" " ind2="0" tag="440"><subfield code="a">Vocabularios bolivianos ;</subfield><subfield code="v">5</subfield></datafield><datafield ind1=" " ind2=" " tag="500"><subfield code="a">Introduction in English by Mary Key.</subfield></datafield><datafield ind1=" " ind2=" " tag="546"><subfield code="a">Spanish.</subfield></datafield><datafield ind1=" " ind2="0" tag="650"><subfield code="a">Spanish language</subfield><subfield code="x">Provincialisms</subfield><subfield code="z">Bolivia.</subfield></datafield><datafield ind1=" " ind2=" " tag="035"><subfield code="a">(TxDaGIAL)37741100018448</subfield></datafield><controlfield tag="005">20080624161927.0</controlfield><controlfield tag="001">9539</controlfield><controlfield tag="003">TxDaGIAL</controlfield><datafield ind1=" " ind2=" " tag="852"><subfield code="p">37741100018448</subfield><subfield code="a">Library</subfield><subfield code="x">COPYID:11269</subfield><subfield code="x">FSC@aRegular@c19970619</subfield><subfield code="h">467.98 K44v 1966</subfield><subfield code="z">10166</subfield></datafield></record>