
<record><leader>01148nam a2200289Ii 4500</leader><controlfield tag="008">760329s1962    mx a          00010 spa  </controlfield><datafield ind1=" " ind2=" " tag="010"><subfield code="a">   65047743</subfield></datafield><datafield ind1=" " ind2=" " tag="035"><subfield code="a">(CU-UC)2248309</subfield></datafield><datafield ind1=" " ind2=" " tag="040"><subfield code="a">DLC</subfield><subfield code="c">NAM</subfield><subfield code="d">RQA</subfield></datafield><datafield ind1="0" ind2=" " tag="050"><subfield code="a">PM4066</subfield><subfield code="b">.B7</subfield></datafield><datafield ind1="1" ind2="0" tag="100"><subfield code="a">Brewer, Forrest.</subfield></datafield><datafield ind1="1" ind2="0" tag="245"><subfield code="a">Vocabulario mexicano de Tetelcingo, Morelos :</subfield><subfield code="b">castellano-mexicano, mexicano-castellano. /</subfield><subfield code="c">Compilado por Forrest Brewer y Jean G. Brewer.</subfield></datafield><datafield ind1=" " ind2=" " tag="250"><subfield code="a">[1. ed.].</subfield></datafield><datafield ind1="0" ind2=" " tag="260"><subfield code="a">M&#233;xico :</subfield><subfield code="b">Instituto Ling&#252;&#237;stico de Verano,</subfield><subfield code="c">1962.</subfield></datafield><datafield ind1=" " ind2=" " tag="300"><subfield code="a">vii, 274 p. :</subfield><subfield code="b">illus. ;</subfield><subfield code="c">21 cm.</subfield></datafield><datafield ind1=" " ind2="0" tag="440"><subfield code="a">Serie de vocabularios ind&#237;genas Mariano Silva y Aceves ;</subfield><subfield code="v">no. 8</subfield></datafield><datafield ind1=" " ind2=" " tag="546"><subfield code="a">Spanish.</subfield></datafield><datafield ind1=" " ind2="0" tag="650"><subfield code="a">Spanish language</subfield><subfield code="v">Dictionaries</subfield><subfield code="x">Aztec.</subfield></datafield><datafield ind1=" " ind2="0" tag="650"><subfield code="a">Nahuatl language</subfield><subfield code="x">Dialects</subfield><subfield code="x">Tetelcingo.</subfield></datafield><datafield ind1=" " ind2="0" tag="650"><subfield code="a">Nahuatl language</subfield><subfield code="v">Dictionaries</subfield><subfield code="x">Spanish.</subfield></datafield><datafield ind1="1" ind2="0" tag="700"><subfield code="a">Brewer, Jean G.</subfield></datafield><datafield ind1=" " ind2=" " tag="035"><subfield code="a">(TxDaGIAL)37741100016216</subfield></datafield><controlfield tag="005">20080624161927.0</controlfield><controlfield tag="001">9540</controlfield><controlfield tag="003">TxDaGIAL</controlfield><datafield ind1=" " ind2=" " tag="852"><subfield code="p">37741100016216</subfield><subfield code="a">Library</subfield><subfield code="x">COPYID:11270</subfield><subfield code="x">FSC@aRegular@c19970325</subfield><subfield code="h">497.452 B847v 1962</subfield><subfield code="z">830</subfield></datafield><datafield ind1=" " ind2=" " tag="852"><subfield code="p">37741100016217</subfield><subfield code="a">Library</subfield><subfield code="x">COPYID:11271</subfield><subfield code="x">FSC@aRegular@c19970325</subfield><subfield code="h">497.452 B847v 1962</subfield><subfield code="z">3242</subfield></datafield></record>