
<record><leader>01076cam a2200265 i 4500</leader><controlfield tag="008">831208s1965    mx a          00010 spa  </controlfield><datafield ind1=" " ind2=" " tag="010"><subfield code="a">   66090248</subfield></datafield><datafield ind1=" " ind2=" " tag="035"><subfield code="a">(CU-UC)642323</subfield></datafield><datafield ind1="1" ind2="0" tag="100"><subfield code="a">Schoenhals, Alvin.</subfield></datafield><datafield ind1="1" ind2="0" tag="245"><subfield code="a">Vocabulario mixe de Totontepec :</subfield><subfield code="b">mixe-castellano, castellano-mixe. /</subfield><subfield code="c">Compilado por Alvin y Louise C. Schoenhals.</subfield></datafield><datafield ind1=" " ind2=" " tag="250"><subfield code="a">[1. ed.].</subfield></datafield><datafield ind1="0" ind2=" " tag="260"><subfield code="a">M&#233;xico :</subfield><subfield code="b">Instituto Ling&#252;&#237;stico de Verano,</subfield><subfield code="c">1965.</subfield></datafield><datafield ind1=" " ind2=" " tag="300"><subfield code="a">ix, 353 p. :</subfield><subfield code="b">illus. ;</subfield><subfield code="c">21 cm.</subfield></datafield><datafield ind1="0" ind2=" " tag="490"><subfield code="a">Serie de vocabularios ind&#237;genas Mariano Silva y Aceves, no. 14</subfield></datafield><datafield ind1=" " ind2=" " tag="504"><subfield code="a">Bibliography: p. 351-353.</subfield></datafield><datafield ind1=" " ind2=" " tag="546"><subfield code="a">Spanish.</subfield></datafield><datafield ind1=" " ind2="0" tag="650"><subfield code="a">Mixe language</subfield><subfield code="v">Dictionaries</subfield><subfield code="x">Spanish.</subfield></datafield><datafield ind1=" " ind2="0" tag="650"><subfield code="a">Spanish language</subfield><subfield code="v">Dictionaries</subfield><subfield code="x">Mixe.</subfield></datafield><datafield ind1="1" ind2="0" tag="700"><subfield code="a">Schoenhals, Louise (Conety),</subfield><subfield code="e">joint author.</subfield></datafield><datafield ind1=" " ind2=" " tag="035"><subfield code="a">(TxDaGIAL)37741100016535</subfield></datafield><controlfield tag="005">20080624161927.0</controlfield><controlfield tag="001">9541</controlfield><controlfield tag="003">TxDaGIAL</controlfield><datafield ind1=" " ind2=" " tag="852"><subfield code="p">37741100016535</subfield><subfield code="a">Library</subfield><subfield code="x">COPYID:11272</subfield><subfield code="x">FSC@aRegular@c19970407</subfield><subfield code="h">497.413 S365v 1965</subfield><subfield code="z">3746</subfield></datafield><datafield ind1=" " ind2=" " tag="852"><subfield code="p">37741100016536</subfield><subfield code="a">Library</subfield><subfield code="x">COPYID:11273</subfield><subfield code="x">FSC@aRegular@c19970407</subfield><subfield code="h">497.413 S365v 1965</subfield><subfield code="z">3884</subfield></datafield></record>