
<record><leader>01555nam a2200361 a 4500</leader><controlfield tag="008">870317s1984    mx a     db   00010 spa  </controlfield><datafield ind1=" " ind2=" " tag="010"><subfield code="a">   86151123</subfield></datafield><datafield ind1=" " ind2=" " tag="020"><subfield code="a">9683101992</subfield></datafield><datafield ind1=" " ind2=" " tag="040"><subfield code="a">DLC</subfield><subfield code="c">DLC</subfield></datafield><datafield ind1="0" ind2=" " tag="041"><subfield code="a">spacai</subfield></datafield><datafield ind1=" " ind2=" " tag="043"><subfield code="a">n-mx---</subfield></datafield><datafield ind1="0" ind2=" " tag="050"><subfield code="a">PM4556.Z5</subfield><subfield code="b">H38 1984</subfield></datafield><datafield ind1="1" ind2="0" tag="100"><subfield code="a">Harrison, Roy.</subfield></datafield><datafield ind1="1" ind2="0" tag="245"><subfield code="a">Vocabulario zoque de Ray&#243;n /</subfield><subfield code="c">Roy Harrison y Margaret B. de Harrison, compiladores ; Francisco L&#243;pez Ju&#225;rez y Cosme Ordo&#241;es, colaboradores zoques.</subfield></datafield><datafield ind1="0" ind2=" " tag="260"><subfield code="a">M&#233;xico, D.F. :</subfield><subfield code="b">Instituto Ling&#252;&#237;stico de Verano,</subfield><subfield code="c">1984.</subfield></datafield><datafield ind1=" " ind2=" " tag="300"><subfield code="a">115 p. :</subfield><subfield code="b">ill. ;</subfield><subfield code="c">23 cm.</subfield></datafield><datafield ind1="1" ind2=" " tag="490"><subfield code="a">Serie de diccionarios y vocabularios ind&#237;genas Mariano Silva y Aceves ;</subfield><subfield code="v">no. 28</subfield></datafield><datafield ind1=" " ind2=" " tag="500"><subfield code="a">Spanish and Zoque.</subfield></datafield><datafield ind1=" " ind2=" " tag="500"><subfield code="a">Spine title: Zoque de Ray&#243;n.</subfield></datafield><datafield ind1=" " ind2=" " tag="504"><subfield code="a">Bibliography: p. [113]-115.</subfield></datafield><datafield ind1=" " ind2="0" tag="650"><subfield code="a">Zoque language</subfield><subfield code="v">Dictionaries</subfield><subfield code="x">Spanish.</subfield></datafield><datafield ind1=" " ind2="0" tag="650"><subfield code="a">Spanish language</subfield><subfield code="v">Dictionaries</subfield><subfield code="x">Zoque.</subfield></datafield><datafield ind1=" " ind2="0" tag="650"><subfield code="a">Zoque language</subfield><subfield code="x">Dialects</subfield><subfield code="z">Mexico</subfield><subfield code="z">Ray&#243;n (Chiapas)</subfield></datafield><datafield ind1="1" ind2="0" tag="700"><subfield code="a">Harrison, Margaret B. de.</subfield></datafield><datafield ind1="0" ind2="1" tag="740"><subfield code="a">Zoque de Ray&#243;n.</subfield></datafield><datafield ind1=" " ind2="0" tag="830"><subfield code="a">Serie de vocabularios y diccionarios ind&#237;genas &quot;Mariano Silva y Aceves&quot; ;</subfield><subfield code="v">n&#250;m. 28.</subfield></datafield><datafield ind1=" " ind2=" " tag="035"><subfield code="a">(TxDaGIAL)37741100007183</subfield></datafield><controlfield tag="005">20080624161927.0</controlfield><controlfield tag="001">9542</controlfield><controlfield tag="003">TxDaGIAL</controlfield><datafield ind1=" " ind2=" " tag="852"><subfield code="p">37741100007183</subfield><subfield code="a">Library</subfield><subfield code="x">COPYID:11274</subfield><subfield code="x">FSC@aRegular@c19950823</subfield><subfield code="h">497.419 H321v 1984</subfield><subfield code="z">11795</subfield></datafield><datafield ind1=" " ind2=" " tag="852"><subfield code="p">37741100007184</subfield><subfield code="a">Library</subfield><subfield code="x">COPYID:11275</subfield><subfield code="x">FSC@aRegular@c19950823</subfield><subfield code="h">497.419 H321v 1984</subfield><subfield code="z">11796</subfield></datafield><datafield ind1=" " ind2=" " tag="852"><subfield code="p">37741100007185</subfield><subfield code="a">Library</subfield><subfield code="x">COPYID:11276</subfield><subfield code="x">FSC@aRegular@c19950823</subfield><subfield code="h">497.419 H321v 1984</subfield><subfield code="z">11797</subfield></datafield></record>