
<record><leader>00884cam a2200229Ia 4500</leader><controlfield tag="008">881121q19601969ndu           00000 eng d</controlfield><datafield ind1=" " ind2=" " tag="035"><subfield code="a">(CU-UC)7236185</subfield></datafield><datafield ind1=" " ind2=" " tag="040"><subfield code="a">CFS</subfield><subfield code="c">CFS</subfield><subfield code="d">CU-I</subfield></datafield><datafield ind1="0" ind2=" " tag="041"><subfield code="a">engvie</subfield></datafield><datafield ind1="0" ind2="0" tag="245"><subfield code="a">Vocabulary for the basic Vietnamese course /</subfield><subfield code="c">Summer Institute of Linguistics, University of North Dakota.</subfield></datafield><datafield ind1="0" ind2=" " tag="260"><subfield code="a">[Grand Forks, N.D.? :</subfield><subfield code="b">The Institute,</subfield><subfield code="c">196-?]</subfield></datafield><datafield ind1=" " ind2=" " tag="300"><subfield code="a">66 p. ;</subfield><subfield code="c">14 cm.</subfield></datafield><datafield ind1=" " ind2=" " tag="500"><subfield code="a">"This booklet is a reverse vocabulary of the Basic Vietnamese course"--Foreword.</subfield></datafield><datafield ind1=" " ind2=" " tag="546"><subfield code="a">English.</subfield></datafield><datafield ind1=" " ind2="0" tag="650"><subfield code="a">Vietnamese language</subfield><subfield code="v">Conversation and phrase books.</subfield></datafield><datafield ind1="2" ind2="0" tag="710"><subfield code="a">Summer Institute of Linguistics.</subfield></datafield><datafield ind1="0" ind2="1" tag="730"><subfield code="a">Basic Vietnamese conversation course.</subfield></datafield><datafield ind1=" " ind2=" " tag="035"><subfield code="a">(TxDaGIAL)37741100021606</subfield></datafield><controlfield tag="005">20080624161927.0</controlfield><controlfield tag="001">9543</controlfield><controlfield tag="003">TxDaGIAL</controlfield><datafield ind1=" " ind2=" " tag="852"><subfield code="p">37741100021606</subfield><subfield code="a">Library</subfield><subfield code="x">COPYID:11277</subfield><subfield code="x">FSC@aRegular@c19971104</subfield><subfield code="h">495.922824 S955bv 1965</subfield></datafield></record>