
<record><leader>00809nam a2200229Ii 4500</leader><controlfield tag="008">740830s1928    dcua          00010 eng u</controlfield><datafield ind1=" " ind2=" " tag="010"><subfield code="a">   29026151</subfield></datafield><datafield ind1=" " ind2=" " tag="035"><subfield code="a">(CU-UC)694636</subfield></datafield><datafield ind1=" " ind2=" " tag="040"><subfield code="c">KEN</subfield><subfield code="d">m.c.</subfield><subfield code="d">CLU</subfield><subfield code="d">TxDaGIAL</subfield></datafield><datafield ind1="0" ind2=" " tag="050"><subfield code="a">E51</subfield><subfield code="b">.U6 no.84</subfield><subfield code="a">PM.1531.Z5 1928</subfield></datafield><datafield ind1="1" ind2="0" tag="100"><subfield code="a">Harrington, John Peabody.</subfield></datafield><datafield ind1="1" ind2="0" tag="245"><subfield code="a">Vocabulary of the Kiowa language /</subfield><subfield code="c">by John P. Harrington.</subfield></datafield><datafield ind1="0" ind2=" " tag="260"><subfield code="a">Washington :</subfield><subfield code="b">U. S. Govt. print. off.,</subfield><subfield code="c">1928.</subfield></datafield><datafield ind1=" " ind2=" " tag="300"><subfield code="a">v, 255 p. :</subfield><subfield code="b">illus. ;</subfield><subfield code="c">24 cm.</subfield></datafield><datafield ind1=" " ind2="0" tag="440"><subfield code="a">Smithsonian institution.</subfield><subfield code="p">Bureau of American Ethnology ;</subfield><subfield code="v">bulletin 84</subfield></datafield><datafield ind1=" " ind2=" " tag="546"><subfield code="a">English.</subfield></datafield><datafield ind1=" " ind2="0" tag="650"><subfield code="a">Kiowa language.</subfield></datafield><datafield ind1=" " ind2=" " tag="035"><subfield code="a">(TxDaGIAL)37741100018196</subfield></datafield><controlfield tag="005">20080624161928.0</controlfield><controlfield tag="001">9545</controlfield><controlfield tag="003">TxDaGIAL</controlfield><datafield ind1=" " ind2=" " tag="852"><subfield code="p">37741100018196</subfield><subfield code="a">Library</subfield><subfield code="x">COPYID:11279</subfield><subfield code="x">FSC@aRegular@c19970605</subfield><subfield code="h">306.05 S664b 084 1928</subfield><subfield code="z">2365</subfield></datafield></record>