
<record><leader>00968nam a2200229 a 4500</leader><controlfield tag="008">970930t19791981miu     r     000 0 eng d</controlfield><datafield ind1=" " ind2=" " tag="040"><subfield code="a">TxDaGIAL</subfield><subfield code="c">TxDaGIAL</subfield></datafield><datafield ind1="1" ind2=" " tag="100"><subfield code="a">Nakhimovsky, Alexander David,</subfield><subfield code="d">1943-</subfield></datafield><datafield ind1="1" ind2="0" tag="245"><subfield code="a">Voice and the indefinite-personal construction in Russian :</subfield><subfield code="b">a comparison between the meaning-text and the transformational=generative schools of linguistics /</subfield><subfield code="c">by Alexander David Nakhimovsky.</subfield></datafield><datafield ind1=" " ind2=" " tag="260"><subfield code="c">1979.</subfield></datafield><datafield ind1=" " ind2=" " tag="300"><subfield code="a">vii, 198 p. ;</subfield><subfield code="c">21 cm.</subfield></datafield><datafield ind1=" " ind2=" " tag="502"><subfield code="a">Thesis (Ph.D.)--Cornell University, 1979.</subfield></datafield><datafield ind1=" " ind2=" " tag="504"><subfield code="a">Bibliography: p.191-198.</subfield></datafield><datafield ind1=" " ind2=" " tag="533"><subfield code="a">Facism.</subfield><subfield code="b">Ann Arbor, Mich. :</subfield><subfield code="c">University Microfilms International,</subfield><subfield code="d">1981.</subfield></datafield><datafield ind1=" " ind2="0" tag="650"><subfield code="a">Russian language</subfield><subfield code="x">Syntax.</subfield></datafield><datafield ind1=" " ind2="0" tag="650"><subfield code="a">Russian language</subfield><subfield code="x">Voice.</subfield></datafield><datafield ind1="2" ind2="0" tag="610"><subfield code="a">Cornell University</subfield><subfield code="x">Dissertations.</subfield></datafield><datafield ind1=" " ind2=" " tag="035"><subfield code="a">(TxDaGIAL)37741100020740</subfield></datafield><controlfield tag="005">20080624161928.0</controlfield><controlfield tag="001">9549</controlfield><controlfield tag="003">TxDaGIAL</controlfield><datafield ind1=" " ind2=" " tag="852"><subfield code="p">37741100020740</subfield><subfield code="a">Library</subfield><subfield code="x">COPYID:11284</subfield><subfield code="x">FSC@aRegular@c19971003</subfield><subfield code="h">491.7 N163v 1979</subfield><subfield code="z">6703</subfield></datafield></record>