
<record><leader>00833cam a2200229 a 4500</leader><controlfield tag="008">900517s1981    inu      b    00010 eng d</controlfield><datafield ind1=" " ind2=" " tag="035"><subfield code="a">(CU-UC)dlaisn513455</subfield></datafield><datafield ind1="1" ind2="0" tag="100"><subfield code="a">Klaiman, M. H.</subfield></datafield><datafield ind1="1" ind2="0" tag="245"><subfield code="a">Volitionality and subject in Bengali :</subfield><subfield code="b">a study of semantic parameters in grammatical processes /</subfield><subfield code="c">by M.H. Klaiman.</subfield></datafield><datafield ind1="0" ind2=" " tag="260"><subfield code="a">Bloomington, Ind. :</subfield><subfield code="b">Indiana University Linguistics Club,</subfield><subfield code="c">[1981].</subfield></datafield><datafield ind1=" " ind2=" " tag="300"><subfield code="a">vi, 140 p. ;</subfield><subfield code="c">28 cm.</subfield></datafield><datafield ind1=" " ind2=" " tag="500"><subfield code="a">"June, 1981."</subfield></datafield><datafield ind1=" " ind2=" " tag="500"><subfield code="a">Errata slip inserted.</subfield></datafield><datafield ind1=" " ind2=" " tag="504"><subfield code="a">Bibliography: p. [135]-140.</subfield></datafield><datafield ind1=" " ind2=" " tag="546"><subfield code="a">English.</subfield></datafield><datafield ind1=" " ind2="0" tag="650"><subfield code="a">Bengali language</subfield><subfield code="x">Semantics.</subfield></datafield><datafield ind1=" " ind2="0" tag="650"><subfield code="a">Bengali language</subfield><subfield code="x">Grammar.</subfield></datafield><datafield ind1=" " ind2=" " tag="035"><subfield code="a">(TxDaGIAL)37741100014566</subfield></datafield><controlfield tag="005">20080624161931.0</controlfield><controlfield tag="001">9558</controlfield><controlfield tag="003">TxDaGIAL</controlfield><datafield ind1=" " ind2=" " tag="852"><subfield code="p">37741100014566</subfield><subfield code="a">Library</subfield><subfield code="x">COPYID:11293</subfield><subfield code="x">FSC@aRegular@c19970121</subfield><subfield code="h">491.44 K63v 1981</subfield><subfield code="z">8060</subfield></datafield></record>