
<record><leader>00938nam a2200229Ia 4500</leader><controlfield tag="008">851213s1970    kz       b    000 0 rusod</controlfield><datafield ind1=" " ind2=" " tag="035"><subfield code="a">(CU-UC)8472082</subfield></datafield><datafield ind1=" " ind2=" " tag="040"><subfield code="a">MYG</subfield><subfield code="c">MYG</subfield><subfield code="d">CUV</subfield></datafield><datafield ind1="0" ind2="0" tag="245"><subfield code="a">Voprosy grammaticheskogo stro&#65056;i&#65057;a russkogo &#65056;i&#65057;azyka /</subfield><subfield code="c">[nauchny&#301; redaktor V. M. Markov].</subfield></datafield><datafield ind1=" " ind2=" " tag="260"><subfield code="a">Kazan :</subfield><subfield code="b">Izd-vo Kazanskogo univ.,</subfield><subfield code="c">1970.</subfield></datafield><datafield ind1=" " ind2=" " tag="300"><subfield code="a">176 p. ;</subfield><subfield code="c">21 cm.</subfield></datafield><datafield ind1=" " ind2=" " tag="500"><subfield code="a">At head of title: Kazanski&#301; ordena trudovogo krasnogo znameni gosudarstvenny&#301; universitet im. V. I. Ul&#697;&#65056;i&#65057;anova-Lenina.</subfield></datafield><datafield ind1=" " ind2=" " tag="504"><subfield code="a">Includes bibliographical references.</subfield></datafield><datafield ind1=" " ind2=" " tag="546"><subfield code="a">Russian.</subfield></datafield><datafield ind1=" " ind2="0" tag="650"><subfield code="a">Russian language</subfield><subfield code="x">Grammar.</subfield></datafield><datafield ind1="1" ind2="0" tag="700"><subfield code="a">Markov, V. M.,</subfield><subfield code="e">ed.</subfield></datafield><datafield ind1="2" ind2="0" tag="710"><subfield code="a">Kazanski&#301; gosudarstvenny&#301; universitet im. V.I. Ul&#697;&#65056;i&#65057;anova-Lenina.</subfield></datafield><datafield ind1=" " ind2=" " tag="035"><subfield code="a">(TxDaGIAL)37741100018982</subfield></datafield><controlfield tag="005">20080624161931.0</controlfield><controlfield tag="001">9561</controlfield><controlfield tag="003">TxDaGIAL</controlfield><datafield ind1=" " ind2=" " tag="852"><subfield code="p">37741100018982</subfield><subfield code="a">Library</subfield><subfield code="x">COPYID:11296</subfield><subfield code="x">FSC@aRegular@c19970714</subfield><subfield code="h">491.75 V952 1970</subfield></datafield></record>