
<record><leader>00986nam a2200265Ia 4500</leader><controlfield tag="008">801021s1962    ru            000 0 rusr </controlfield><datafield ind1=" " ind2=" " tag="010"><subfield code="a">   63030688 /L</subfield></datafield><datafield ind1=" " ind2=" " tag="035"><subfield code="a">(CU-UC)6145894</subfield></datafield><datafield ind1=" " ind2=" " tag="040"><subfield code="a">DLC</subfield><subfield code="c">AZU</subfield><subfield code="d">AZU</subfield><subfield code="d">CRL</subfield><subfield code="d">CLU</subfield></datafield><datafield ind1="0" ind2="0" tag="050"><subfield code="a">PK1933.</subfield><subfield code="b">A55</subfield></datafield><datafield ind1="0" ind2="0" tag="245"><subfield code="a">Voprosy grammatiki &#65056;i&#65057;azyka khindi /</subfield><subfield code="c">[otvetstvennye redaktory, I.S. Rabinovich, E.P. Chelyshev].</subfield></datafield><datafield ind1=" " ind2=" " tag="260"><subfield code="a">Moskva :</subfield><subfield code="b">Izd-vo vostochno&#301; lit-ry,</subfield><subfield code="c">1962.</subfield></datafield><datafield ind1=" " ind2=" " tag="300"><subfield code="a">229 p. :</subfield><subfield code="b">23 cm.</subfield></datafield><datafield ind1=" " ind2=" " tag="500"><subfield code="a">At head of title: Akademi&#65056;i&#65057;a nauk SSSR. Institut narodov Azii.</subfield></datafield><datafield ind1=" " ind2=" " tag="500"><subfield code="a">Errata slip inserted.</subfield></datafield><datafield ind1=" " ind2=" " tag="546"><subfield code="a">Russian.</subfield></datafield><datafield ind1=" " ind2="0" tag="650"><subfield code="a">Hindi language</subfield><subfield code="x">Grammar.</subfield></datafield><datafield ind1="1" ind2=" " tag="700"><subfield code="a">Rabinovich, I. S.</subfield><subfield code="q">(Izrail&#697; Savel&#697;evich)</subfield></datafield><datafield ind1="1" ind2=" " tag="700"><subfield code="a">Chelyshev, Evgeni&#301; Petrovich.</subfield></datafield><datafield ind1="2" ind2=" " tag="710"><subfield code="a">Institut narodov Azii (Akademi&#65056;i&#65057;a nauk SSSR)</subfield></datafield><datafield ind1=" " ind2=" " tag="035"><subfield code="a">(TxDaGIAL)37741100018984</subfield></datafield><controlfield tag="005">20080624161931.0</controlfield><controlfield tag="001">9562</controlfield><controlfield tag="003">TxDaGIAL</controlfield><datafield ind1=" " ind2=" " tag="852"><subfield code="p">37741100018984</subfield><subfield code="a">Library</subfield><subfield code="x">COPYID:11297</subfield><subfield code="x">FSC@aRegular@c19970714</subfield><subfield code="h">491.435 V952 1962</subfield></datafield></record>