
<record><leader>00991cam a2200253 i 4500</leader><controlfield tag="008">880914s1971    inu      b    00010 eng d</controlfield><datafield ind1=" " ind2=" " tag="035"><subfield code="a">(CU-UC)dlaisn5347874</subfield></datafield><datafield ind1=" " ind2=" " tag="040"><subfield code="a">UUM</subfield><subfield code="c">UUM</subfield><subfield code="d">MBB</subfield></datafield><datafield ind1="1" ind2="0" tag="100"><subfield code="a">Anderson, Stephen R.</subfield></datafield><datafield ind1="1" ind2="0" tag="245"><subfield code="a">West Scandinavian vowel systems and the ordering of phonological rules /</subfield><subfield code="c">by Stephen R. Anderson.</subfield></datafield><datafield ind1="0" ind2=" " tag="260"><subfield code="a">[Bloomington] :</subfield><subfield code="b">Indiana University Linguistics Club,</subfield><subfield code="c">1971.</subfield></datafield><datafield ind1=" " ind2=" " tag="300"><subfield code="a">vii, 157 p. ;</subfield><subfield code="c">28 cm.</subfield></datafield><datafield ind1=" " ind2=" " tag="500"><subfield code="a">Originally presented as the author's thesis, Massachusetts Institute of Technology, 1969.</subfield></datafield><datafield ind1=" " ind2=" " tag="504"><subfield code="a">Bibliography: p. 150-157.</subfield></datafield><datafield ind1=" " ind2=" " tag="546"><subfield code="a">English.</subfield></datafield><datafield ind1=" " ind2="0" tag="650"><subfield code="a">Old Norse language</subfield><subfield code="x">Phonology.</subfield></datafield><datafield ind1=" " ind2="0" tag="650"><subfield code="a">Faroese language.</subfield></datafield><datafield ind1=" " ind2="0" tag="650"><subfield code="a">Grammar, Comparative and general</subfield><subfield code="x">Phonology.</subfield></datafield><datafield ind1="2" ind2="0" tag="710"><subfield code="a">Indiana University Linguistics Club.</subfield></datafield><datafield ind1=" " ind2=" " tag="035"><subfield code="a">(TxDaGIAL)37741100014087</subfield></datafield><controlfield tag="005">20080624161943.0</controlfield><controlfield tag="001">9614</controlfield><controlfield tag="003">TxDaGIAL</controlfield><datafield ind1=" " ind2=" " tag="852"><subfield code="p">37741100014087</subfield><subfield code="a">Library</subfield><subfield code="x">COPYID:11354</subfield><subfield code="x">FSC@aRegular@c19961203</subfield><subfield code="h">439.6 A549w 1971</subfield><subfield code="z">10894</subfield></datafield></record>