
<record><leader>00935pam a2200241 i 4500</leader><controlfield tag="008">950601s1993    idua          0 0 0 eng d</controlfield><datafield ind1=" " ind2=" " tag="020"><subfield code="a">0963974904 (pbk.) :</subfield><subfield code="c">$27.95</subfield></datafield><datafield ind1=" " ind2=" " tag="040"><subfield code="a">IdPI</subfield><subfield code="c">IdPI</subfield><subfield code="d">TxDaGIAL</subfield></datafield><datafield ind1="1" ind2=" " tag="041"><subfield code="a">engcai</subfield></datafield><datafield ind1="0" ind2="4" tag="050"><subfield code="a">PM2321</subfield><subfield code="b">C78 1993</subfield></datafield><datafield ind1="1" ind2="0" tag="100"><subfield code="a">Crum, Beverly.</subfield></datafield><datafield ind1="1" ind2="0" tag="245"><subfield code="a">Western Shoshoni Grammar. /</subfield><subfield code="c">Beverly Crum, Jon P. Payley.</subfield></datafield><datafield ind1=" " ind2=" " tag="260"><subfield code="a">[Boise, Idaho] :</subfield><subfield code="b">Dept. of Anthropology, Boise State University,</subfield><subfield code="c">c1993.</subfield></datafield><datafield ind1=" " ind2=" " tag="300"><subfield code="a">xv, 295 p. :</subfield><subfield code="b">ill., map ;</subfield><subfield code="c">26 cm.</subfield></datafield><datafield ind1=" " ind2="0" tag="440"><subfield code="a">Occasional papers and monographs in cultural anthropology and linguistics ;</subfield><subfield code="v">1</subfield></datafield><datafield ind1=" " ind2=" " tag="504"><subfield code="a">Includes bibliographical references (p. [257]-260).</subfield></datafield><datafield ind1=" " ind2="0" tag="650"><subfield code="a">Shoshoni language</subfield><subfield code="x">grammar.</subfield></datafield><datafield ind1="1" ind2="0" tag="700"><subfield code="a">Dayley, Jon P.</subfield><subfield code="q">(Jon Philip)</subfield></datafield><datafield ind1=" " ind2=" " tag="035"><subfield code="a">(TxDaGIAL)37741100005318</subfield></datafield><controlfield tag="005">20080624161944.0</controlfield><controlfield tag="001">9617</controlfield><controlfield tag="003">TxDaGIAL</controlfield><datafield ind1=" " ind2=" " tag="852"><subfield code="p">37741100005318</subfield><subfield code="a">Library</subfield><subfield code="9">$24.32</subfield><subfield code="x">COPYID:11357</subfield><subfield code="x">FSC@aRegular@c19950628</subfield><subfield code="h">497.45 C956w 1993</subfield><subfield code="z">B/T 6-95</subfield></datafield></record>