
<record><leader>00969cam a2200289 i 4500</leader><controlfield tag="008">760921s1976    nyu      b    00010 eng  </controlfield><datafield ind1=" " ind2=" " tag="010"><subfield code="a">   75025122 //r93</subfield></datafield><datafield ind1=" " ind2=" " tag="020"><subfield code="a">0824019725 :</subfield><subfield code="c">$28.00</subfield></datafield><datafield ind1=" " ind2=" " tag="040"><subfield code="a">DLC</subfield><subfield code="c">DLC</subfield><subfield code="d">DLC</subfield></datafield><datafield ind1="0" ind2="0" tag="050"><subfield code="a">PM2586</subfield><subfield code="b">.R6</subfield></datafield><datafield ind1="0" ind2="0" tag="082"><subfield code="a">497/.5</subfield></datafield><datafield ind1="1" ind2="0" tag="100"><subfield code="a">Rood, David S.</subfield></datafield><datafield ind1="1" ind2="0" tag="245"><subfield code="a">Wichita grammar /</subfield><subfield code="c">David S. Rood.</subfield></datafield><datafield ind1="0" ind2=" " tag="260"><subfield code="a">New York :</subfield><subfield code="b">Garland Pub.,</subfield><subfield code="c">1976.</subfield></datafield><datafield ind1=" " ind2=" " tag="300"><subfield code="a">xix, 310 p. ;</subfield><subfield code="c">21 cm.</subfield></datafield><datafield ind1="0" ind2=" " tag="490"><subfield code="a">Garland studies in American Indian linguistics</subfield></datafield><datafield ind1=" " ind2=" " tag="500"><subfield code="a">English and Wichita.</subfield></datafield><datafield ind1=" " ind2=" " tag="500"><subfield code="a">"Morpheme index, compiled by Jean O. Charney": p. 277-310.</subfield></datafield><datafield ind1=" " ind2=" " tag="504"><subfield code="a">Bibliography: p. 275.</subfield></datafield><datafield ind1=" " ind2="0" tag="650"><subfield code="a">Wichita language</subfield><subfield code="x">Grammar.</subfield></datafield><datafield ind1=" " ind2="0" tag="650"><subfield code="a">Caddoan languages.</subfield></datafield><datafield ind1="1" ind2="0" tag="700"><subfield code="a">Charney, Jean Ormsbee,</subfield><subfield code="d">1942-</subfield><subfield code="e">joint author.</subfield></datafield><datafield ind1=" " ind2=" " tag="035"><subfield code="a">(TxDaGIAL)37741100007131</subfield></datafield><controlfield tag="005">20080624161957.0</controlfield><controlfield tag="001">9671</controlfield><controlfield tag="003">TxDaGIAL</controlfield><datafield ind1=" " ind2=" " tag="852"><subfield code="p">37741100007131</subfield><subfield code="a">Library</subfield><subfield code="9">$28.00</subfield><subfield code="x">COPYID:11419</subfield><subfield code="x">FSC@aRegular@c19950823</subfield><subfield code="h">497.5 R776w 1976</subfield><subfield code="z">8956</subfield></datafield></record>