
<record><leader>01189nam a2200277 i 4500</leader><controlfield tag="008">960404s1995    miu           000 0 eng d</controlfield><datafield ind1=" " ind2=" " tag="020"><subfield code="a">0891480757</subfield></datafield><datafield ind1=" " ind2=" " tag="040"><subfield code="a">WAU</subfield><subfield code="c">WAU</subfield><subfield code="d">TxDaGIAL</subfield></datafield><datafield ind1="1" ind2=" " tag="041"><subfield code="a">engsit</subfield></datafield><datafield ind1="1" ind2=" " tag="100"><subfield code="a">Gedney, William J.</subfield></datafield><datafield ind1="1" ind2="0" tag="245"><subfield code="a">William J. Gedney's Central Tai dialects :</subfield><subfield code="b">glossaries, texts, and translations /</subfield><subfield code="c">edited by Thomas John Hudak.</subfield></datafield><datafield ind1="1" ind2=" " tag="246"><subfield code="a">Central Tai dialects</subfield></datafield><datafield ind1=" " ind2=" " tag="260"><subfield code="a">Ann Arbor, Mich. :</subfield><subfield code="b">Center for South and Southeast Asian Studies, University of Michigan,</subfield><subfield code="c">c1995.</subfield></datafield><datafield ind1=" " ind2=" " tag="300"><subfield code="a">xix, 970 p. :</subfield><subfield code="b">maps ;</subfield><subfield code="c">24 cm.</subfield></datafield><datafield ind1=" " ind2="0" tag="440"><subfield code="a">Michigan papers on South and Southeast Asia ;</subfield><subfield code="v">no. 43</subfield></datafield><datafield ind1=" " ind2=" " tag="504"><subfield code="a">Includes bibliographical references (p. 965-970).</subfield></datafield><datafield ind1=" " ind2="0" tag="650"><subfield code="a">Tai languages</subfield><subfield code="x">Dialects</subfield><subfield code="v">Glossaries, vocabularies, etc.</subfield></datafield><datafield ind1=" " ind2="0" tag="650"><subfield code="a">Nung language</subfield><subfield code="x">Dialects</subfield><subfield code="v">Glossaries, vocabularies, etc.</subfield></datafield><datafield ind1=" " ind2="0" tag="650"><subfield code="a">Nung language</subfield><subfield code="x">Dialects</subfield><subfield code="z">Vietnam</subfield><subfield code="z">Lao Cai.</subfield></datafield><datafield ind1=" " ind2="0" tag="650"><subfield code="a">Tai languages</subfield><subfield code="x">Dialects</subfield><subfield code="z">China</subfield><subfield code="z">Kwangsi Province.</subfield></datafield><datafield ind1="1" ind2="0" tag="700"><subfield code="a">Hudak, Thomas J.</subfield></datafield><datafield ind1=" " ind2=" " tag="035"><subfield code="a">(TxDaGIAL)37741100010626</subfield></datafield><controlfield tag="005">20080624161958.0</controlfield><controlfield tag="001">9676</controlfield><controlfield tag="003">TxDaGIAL</controlfield><datafield ind1=" " ind2=" " tag="852"><subfield code="p">37741100010626</subfield><subfield code="a">Library</subfield><subfield code="9">$80.00</subfield><subfield code="x">COPYID:11424</subfield><subfield code="x">FSC@aRegular@c19960404</subfield><subfield code="h">495.91 W717c 1995</subfield><subfield code="z">Cellar  3-96</subfield></datafield></record>