
<record><leader>00976nam a2200265 a 4500</leader><controlfield tag="008">920910s1993    xxu           000 0 eng  </controlfield><datafield ind1=" " ind2=" " tag="010"><subfield code="a">   92073829</subfield></datafield><datafield ind1=" " ind2=" " tag="020"><subfield code="a">0891480730</subfield></datafield><datafield ind1=" " ind2=" " tag="040"><subfield code="a">DLC</subfield><subfield code="c">DLC</subfield></datafield><datafield ind1=" " ind2=" " tag="043"><subfield code="a">as-----</subfield></datafield><datafield ind1="0" ind2="0" tag="050"><subfield code="a">PL4251.S234</subfield><subfield code="b">G43 1993</subfield></datafield><datafield ind1="0" ind2="0" tag="082"><subfield code="a">495/.919</subfield><subfield code="2">20</subfield></datafield><datafield ind1=" " ind2=" " tag="099"><subfield code="a">SKB00</subfield></datafield><datafield ind1="1" ind2=" " tag="100"><subfield code="a">Gedney, William J.</subfield></datafield><datafield ind1="1" ind2="0" tag="245"><subfield code="a">William J. Gedney's the Saek language :</subfield><subfield code="b">glossary, texts, and translations /</subfield><subfield code="c">edited by Thomas John Hudak.</subfield></datafield><datafield ind1=" " ind2=" " tag="260"><subfield code="a">Ann Arbor, Mich. :</subfield><subfield code="b">Center for South and Southeast Asian Studies, University of Michigan,</subfield><subfield code="c">c1993.</subfield></datafield><datafield ind1=" " ind2=" " tag="300"><subfield code="a">989 p. ;</subfield><subfield code="c">24 cm.</subfield></datafield><datafield ind1=" " ind2="0" tag="440"><subfield code="a">Michigan papers on South and Southeast Asia ;</subfield><subfield code="v">no. 41</subfield></datafield><datafield ind1=" " ind2="0" tag="650"><subfield code="a">Saek language</subfield><subfield code="v">Glossaries, vocabularies, etc.</subfield></datafield><datafield ind1=" " ind2="0" tag="651"><subfield code="a">Asia, Southeastern</subfield><subfield code="x">Languages.</subfield></datafield><datafield ind1=" " ind2=" " tag="035"><subfield code="a">(TxDaGIAL)37741100009383</subfield></datafield><controlfield tag="005">20080624161958.0</controlfield><controlfield tag="001">9678</controlfield><controlfield tag="003">TxDaGIAL</controlfield><datafield ind1=" " ind2=" " tag="852"><subfield code="p">37741100009383</subfield><subfield code="a">Library</subfield><subfield code="9">$65.25</subfield><subfield code="x">COPYID:11426</subfield><subfield code="x">FSC@aRegular@c19951108</subfield><subfield code="h">495.919 G296w 1993</subfield><subfield code="z">3-94</subfield></datafield></record>