
<record><leader>01138cam a2200301 a 4500</leader><controlfield tag="008">910718s1991    miu           00010 eng  </controlfield><datafield ind1=" " ind2=" " tag="010"><subfield code="a">   91073886 //r93</subfield></datafield><datafield ind1=" " ind2=" " tag="020"><subfield code="a">0891480676</subfield></datafield><datafield ind1=" " ind2=" " tag="040"><subfield code="a">DLC</subfield><subfield code="c">DLC</subfield><subfield code="d">DLC</subfield></datafield><datafield ind1="0" ind2=" " tag="041"><subfield code="a">engsit</subfield></datafield><datafield ind1=" " ind2=" " tag="043"><subfield code="a">as-----</subfield></datafield><datafield ind1="0" ind2="0" tag="050"><subfield code="a">PL4251.L85</subfield><subfield code="b">H83 1991</subfield></datafield><datafield ind1="0" ind2="0" tag="082"><subfield code="a">495.9/1</subfield><subfield code="2">20</subfield></datafield><datafield ind1=" " ind2=" " tag="099"><subfield code="a">MLC00</subfield></datafield><datafield ind1="1" ind2="0" tag="100"><subfield code="a">Hudak, Thomas John.</subfield></datafield><datafield ind1="1" ind2="0" tag="245"><subfield code="a">William J. Gedney's The Tai dialect of Lungming :</subfield><subfield code="b">glossary, texts, and translations /</subfield><subfield code="c">edited by Thomas John Hudak.</subfield></datafield><datafield ind1="0" ind2=" " tag="260"><subfield code="a">[Ann Arbor] :</subfield><subfield code="b">Center for South and Southeast Asian Studies, University of Michigan,</subfield><subfield code="c">c1991.</subfield></datafield><datafield ind1=" " ind2=" " tag="300"><subfield code="a">1189 p. ;</subfield><subfield code="c">24 cm.</subfield></datafield><datafield ind1=" " ind2="0" tag="440"><subfield code="a">Michigan papers on South and Southeast Asia ;</subfield><subfield code="v">no. 39</subfield></datafield><datafield ind1=" " ind2=" " tag="500"><subfield code="a">English and Lungming.</subfield></datafield><datafield ind1=" " ind2="0" tag="650"><subfield code="a">Lungming language</subfield><subfield code="v">Glossaries, vocabularies, etc.</subfield></datafield><datafield ind1=" " ind2="0" tag="650"><subfield code="a">Tai languages</subfield><subfield code="v">Glossaries, vocabularies, etc.</subfield></datafield><datafield ind1=" " ind2="0" tag="651"><subfield code="a">Asia, Southeastern</subfield><subfield code="x">Languages</subfield><subfield code="x">Variations.</subfield></datafield><datafield ind1=" " ind2=" " tag="035"><subfield code="a">(TxDaGIAL)37741100009379</subfield></datafield><controlfield tag="005">20080624161959.0</controlfield><controlfield tag="001">9679</controlfield><controlfield tag="003">TxDaGIAL</controlfield><datafield ind1=" " ind2=" " tag="852"><subfield code="p">37741100009379</subfield><subfield code="a">Library</subfield><subfield code="9">$69.00</subfield><subfield code="x">COPYID:11427</subfield><subfield code="x">FSC@aRegular@c19951108</subfield><subfield code="h">495.91 W717h 1991</subfield><subfield code="z">Cellar 11-92</subfield></datafield></record>