
<record><leader>01045nam a2200277 i 4500</leader><controlfield tag="008">700525r19701915nbua     b    00100 eng  </controlfield><datafield ind1=" " ind2=" " tag="010"><subfield code="a">   64063594</subfield></datafield><datafield ind1=" " ind2=" " tag="020"><subfield code="a">0803257104 :</subfield><subfield code="c">$8.50</subfield></datafield><datafield ind1=" " ind2=" " tag="040"><subfield code="a">DLC</subfield><subfield code="c">DLC</subfield><subfield code="d">TxDaGIAL</subfield></datafield><datafield ind1="0" ind2=" " tag="050"><subfield code="a">E99.W7</subfield><subfield code="b">R15 1970</subfield></datafield><datafield ind1=" " ind2=" " tag="082"><subfield code="a">971</subfield><subfield code="a">B</subfield></datafield><datafield ind1="1" ind2="0" tag="100"><subfield code="a">Radin, Paul,</subfield><subfield code="d">1883-1959.</subfield></datafield><datafield ind1="1" ind2="4" tag="245"><subfield code="a">The Winnebago tribe.</subfield></datafield><datafield ind1="0" ind2=" " tag="260"><subfield code="a">Lincoln, Neb. :</subfield><subfield code="b">University of Nebraska Press,</subfield><subfield code="c">1970.</subfield></datafield><datafield ind1=" " ind2=" " tag="300"><subfield code="a">xvi, 511 p., 58 pages of plate :</subfield><subfield code="b">ill., maps, ports. ;</subfield><subfield code="c">24 cm.</subfield></datafield><datafield ind1=" " ind2=" " tag="500"><subfield code="a">"A Bison Book."</subfield></datafield><datafield ind1=" " ind2=" " tag="500"><subfield code="a">Originally published as part of the 37th annual report, 1915-1916, U. S. Bureau of American Ethnology, Smithsonian Institution, Washington, 1923--t.p. verso.</subfield></datafield><datafield ind1=" " ind2=" " tag="504"><subfield code="a">Includes bibliographical references.</subfield></datafield><datafield ind1=" " ind2=" " tag="500"><subfield code="a">Includes index.</subfield></datafield><datafield ind1=" " ind2="0" tag="650"><subfield code="a">Winnebago Indians.</subfield></datafield><datafield ind1=" " ind2="0" tag="650"><subfield code="a">Winnebago language</subfield><subfield code="v">Texts.</subfield></datafield><datafield ind1=" " ind2=" " tag="035"><subfield code="a">(TxDaGIAL)37741100008412</subfield></datafield><controlfield tag="005">20080624162001.0</controlfield><controlfield tag="001">9690</controlfield><controlfield tag="003">TxDaGIAL</controlfield><datafield ind1=" " ind2=" " tag="852"><subfield code="p">37741100008412</subfield><subfield code="a">Library</subfield><subfield code="x">COPYID:11440</subfield><subfield code="x">FSC@aRegular@c19950925</subfield><subfield code="h">970.004975 R129w 1970</subfield><subfield code="z">6602</subfield></datafield></record>