
<record><leader>01010pam a2200289 a 4500</leader><controlfield tag="008">850618s1986    maua     b    00110 eng  </controlfield><datafield ind1=" " ind2=" " tag="010"><subfield code="a">   85015153</subfield></datafield><datafield ind1=" " ind2=" " tag="020"><subfield code="a">0262121115</subfield></datafield><datafield ind1=" " ind2=" " tag="040"><subfield code="a">DLC</subfield><subfield code="c">DLC</subfield></datafield><datafield ind1="0" ind2=" " tag="050"><subfield code="a">PG1244</subfield><subfield code="b">.L44 1986</subfield></datafield><datafield ind1="0" ind2=" " tag="082"><subfield code="a">491.8/216</subfield><subfield code="2">19</subfield></datafield><datafield ind1="1" ind2="0" tag="100"><subfield code="a">Lehiste, Ilse.</subfield></datafield><datafield ind1="1" ind2="0" tag="245"><subfield code="a">Word and sentence prosody in Serbocroatian /</subfield><subfield code="c">Ilse Lehiste and Pavle Ivi&#263;.</subfield></datafield><datafield ind1="0" ind2=" " tag="260"><subfield code="a">Cambridge, Mass. :</subfield><subfield code="b">MIT Press,</subfield><subfield code="c">c1986.</subfield></datafield><datafield ind1=" " ind2=" " tag="300"><subfield code="a">xiii, 329 p. :</subfield><subfield code="b">ill. ;</subfield><subfield code="c">24 cm.</subfield></datafield><datafield ind1=" " ind2="0" tag="440"><subfield code="a">Current studies in linguistics series ;</subfield><subfield code="v">13</subfield></datafield><datafield ind1=" " ind2=" " tag="504"><subfield code="a">Bibliography: p. [297]-322.</subfield></datafield><datafield ind1=" " ind2=" " tag="500"><subfield code="a">Includes indexes.</subfield></datafield><datafield ind1=" " ind2="0" tag="650"><subfield code="a">Serbo-Croatian language</subfield><subfield code="x">Accents and accentuation.</subfield></datafield><datafield ind1=" " ind2="0" tag="650"><subfield code="a">Serbo-Croatian language</subfield><subfield code="x">Intonation.</subfield></datafield><datafield ind1=" " ind2="0" tag="650"><subfield code="a">Serbo-Croatian language</subfield><subfield code="x">Prosodic analysis.</subfield></datafield><datafield ind1="1" ind2="0" tag="700"><subfield code="a">Ivi&#263;, Pavle.</subfield></datafield><datafield ind1=" " ind2=" " tag="035"><subfield code="a">(TxDaGIAL)37741100007056</subfield></datafield><controlfield tag="005">20080624162014.0</controlfield><controlfield tag="001">9736</controlfield><controlfield tag="003">TxDaGIAL</controlfield><datafield ind1=" " ind2=" " tag="852"><subfield code="p">37741100007056</subfield><subfield code="a">Library</subfield><subfield code="x">COPYID:11487</subfield><subfield code="x">FSC@aRegular@c19950822</subfield><subfield code="h">491.8216 L533w 1986</subfield><subfield code="z">12418</subfield></datafield></record>