
<record><leader>00912nam a2200241Ia 4500</leader><controlfield tag="008">880130r19871991miu     rb    00010 eng d</controlfield><datafield ind1=" " ind2=" " tag="035"><subfield code="a">(CU-UC)dlaisn4670079</subfield></datafield><datafield ind1=" " ind2=" " tag="040"><subfield code="c">CLU</subfield></datafield><datafield ind1="1" ind2="0" tag="100"><subfield code="a">Buth, Randall John,</subfield><subfield code="d">1950-</subfield></datafield><datafield ind1="1" ind2="0" tag="245"><subfield code="a">Word order in Aramaic from the perspectives of functional grammar and discourse analysis /</subfield><subfield code="c">by Randall John Buth.</subfield></datafield><datafield ind1="1" ind2=" " tag="260"><subfield code="c">1987.</subfield></datafield><datafield ind1=" " ind2=" " tag="300"><subfield code="a">xxiv, 522 leaves ;</subfield><subfield code="c">21 cm.</subfield></datafield><datafield ind1=" " ind2=" " tag="502"><subfield code="a">Thesis (Ph. D.)--UCLA, 1987.</subfield></datafield><datafield ind1=" " ind2=" " tag="504"><subfield code="a">Bibliography: p.  504-522.</subfield></datafield><datafield ind1=" " ind2=" " tag="546"><subfield code="a">English.</subfield></datafield><datafield ind1=" " ind2=" " tag="533"><subfield code="a">Facsim.</subfield><subfield code="b">Ann Arbor, Mich. :</subfield><subfield code="c">University Microfilms,</subfield><subfield code="d">1991.</subfield></datafield><datafield ind1=" " ind2="0" tag="650"><subfield code="a">Aramaic language</subfield><subfield code="x">Grammar.</subfield></datafield><datafield ind1=" " ind2="0" tag="650"><subfield code="a">Dissertations, Academic</subfield><subfield code="x">UCLA</subfield><subfield code="x">Near Eastern Languages and Cultures.</subfield></datafield><datafield ind1=" " ind2=" " tag="035"><subfield code="a">(TxDaGIAL)37741100014690</subfield></datafield><controlfield tag="005">20080624162015.0</controlfield><controlfield tag="001">9745</controlfield><controlfield tag="003">TxDaGIAL</controlfield><datafield ind1=" " ind2=" " tag="852"><subfield code="p">37741100014690</subfield><subfield code="a">Library</subfield><subfield code="9">$32.50</subfield><subfield code="x">COPYID:11497</subfield><subfield code="x">FSC@aRegular@c19970127</subfield><subfield code="h">492.2 B983w 1987</subfield><subfield code="z">UMI 10-91</subfield></datafield></record>