
<record><leader>00837nam a2200229 a 4500</leader><controlfield tag="008">970325s1991    oru           000 0 eng d</controlfield><datafield ind1=" " ind2=" " tag="040"><subfield code="a">TxDaGIAL</subfield><subfield code="c">TxDaGIAL</subfield></datafield><datafield ind1="1" ind2=" " tag="100"><subfield code="a">Leman, Elena M.</subfield></datafield><datafield ind1="1" ind2="0" tag="245"><subfield code="a">Word order of major constituents in Cheyenne narratives /</subfield><subfield code="c">Elena M. Leman.</subfield></datafield><datafield ind1=" " ind2=" " tag="260"><subfield code="c">1991.</subfield></datafield><datafield ind1=" " ind2=" " tag="300"><subfield code="a">xiii, 146 p. ;</subfield><subfield code="c">28 cm.</subfield></datafield><datafield ind1=" " ind2=" " tag="500"><subfield code="a">Vita.</subfield></datafield><datafield ind1=" " ind2=" " tag="502"><subfield code="a">Thesis (M.A.)--University of Oregon, 1991.</subfield></datafield><datafield ind1=" " ind2=" " tag="504"><subfield code="a">Bibliography : p. 140-146.</subfield></datafield><datafield ind1=" " ind2="0" tag="650"><subfield code="a">Cheyenne language</subfield><subfield code="x">Word order.</subfield></datafield><datafield ind1=" " ind2="0" tag="650"><subfield code="a">Algonquian languages.</subfield></datafield><datafield ind1="2" ind2="0" tag="610"><subfield code="a">University of Oregon.</subfield><subfield code="b">Graduate School.</subfield><subfield code="b">Department of Linguistics</subfield><subfield code="x">Dissertations.</subfield></datafield><datafield ind1=" " ind2=" " tag="035"><subfield code="a">(TxDaGIAL)37741100016230</subfield></datafield><controlfield tag="005">20080624162016.0</controlfield><controlfield tag="001">9748</controlfield><controlfield tag="003">TxDaGIAL</controlfield><datafield ind1=" " ind2=" " tag="852"><subfield code="p">37741100016230</subfield><subfield code="a">Library</subfield><subfield code="9">$0.00</subfield><subfield code="x">COPYID:11501</subfield><subfield code="x">FSC@aRegular@c19970325</subfield><subfield code="h">497.364 L546w 1991</subfield><subfield code="z">Author gift 9-91</subfield></datafield></record>