
<record><leader>00735nam a2200205 a 4500</leader><controlfield tag="008">970328s1981    ndu           000 0 eng d</controlfield><datafield ind1=" " ind2=" " tag="040"><subfield code="a">TxDaGIAL</subfield><subfield code="c">TxDaGIAL</subfield></datafield><datafield ind1="1" ind2=" " tag="100"><subfield code="a">Willett, Elizabeth R.</subfield></datafield><datafield ind1="1" ind2="0" tag="245"><subfield code="a">Word-shortening in Southeastern Tepehuan /</subfield><subfield code="c">by Elizabeth R. Willett.</subfield></datafield><datafield ind1=" " ind2=" " tag="260"><subfield code="c">1981.</subfield></datafield><datafield ind1=" " ind2=" " tag="300"><subfield code="a">viii, 71 leaves ;</subfield><subfield code="c">29 cm.</subfield></datafield><datafield ind1=" " ind2=" " tag="502"><subfield code="a">Thesis (M.A.)--University of North Dakota, 1981.</subfield></datafield><datafield ind1=" " ind2=" " tag="504"><subfield code="a">Bibliography : leaves 69-71.</subfield></datafield><datafield ind1=" " ind2="0" tag="650"><subfield code="a">Tepehuan language.</subfield></datafield><datafield ind1="2" ind2="0" tag="610"><subfield code="a">University of North Dakota.</subfield><subfield code="b">Graduate Faculty</subfield><subfield code="x">Dissertations.</subfield></datafield><datafield ind1=" " ind2=" " tag="035"><subfield code="a">(TxDaGIAL)37741100016316</subfield></datafield><controlfield tag="005">20080624162016.0</controlfield><controlfield tag="001">9752</controlfield><controlfield tag="003">TxDaGIAL</controlfield><datafield ind1=" " ind2=" " tag="852"><subfield code="p">37741100016316</subfield><subfield code="a">Library</subfield><subfield code="x">COPYID:11505</subfield><subfield code="x">FSC@aRegular@c19970324</subfield><subfield code="h">497.45 W713w 1981</subfield><subfield code="z">7744</subfield></datafield></record>