
<record><leader>00752nam a2200205I  4500</leader><controlfield tag="008">850825s1955    ir       b    000 0 per d</controlfield><datafield ind1=" " ind2=" " tag="040"><subfield code="a">TxDaGIAL</subfield><subfield code="c">TxDaGIAL</subfield></datafield><datafield ind1=" " ind2="4" tag="082"><subfield code="a">491.55</subfield><subfield code="2">21</subfield></datafield><datafield ind1="1" ind2=" " tag="100"><subfield code="a">Hohlfeld, John Maurice,</subfield><subfield code="d">1909-</subfield></datafield><datafield ind1="1" ind2="0" tag="245"><subfield code="a">Writing simply in Farsi :</subfield><subfield code="b">an introduction to readability techniques /</subfield><subfield code="c">by J. Maurice Hohfeld and Shamsol Molouk Mossaheb.</subfield></datafield><datafield ind1=" " ind2=" " tag="260"><subfield code="a">Tehran, Iran :</subfield><subfield code="b">Ministry of Education,</subfield><subfield code="c">1955.</subfield></datafield><datafield ind1=" " ind2=" " tag="300"><subfield code="a">74 p. ;</subfield><subfield code="c">22 cm.</subfield></datafield><datafield ind1=" " ind2=" " tag="546"><subfield code="a">English and Farsi.</subfield></datafield><datafield ind1=" " ind2="0" tag="650"><subfield code="a">Persian language</subfield><subfield code="x">Writing.</subfield></datafield><datafield ind1="1" ind2="0" tag="700"><subfield code="a">Mossaheb, Shamsol Molouk.</subfield></datafield><datafield ind1=" " ind2=" " tag="035"><subfield code="a">(TxDaGIAL)37741100021326</subfield></datafield><controlfield tag="005">20080624162034.0</controlfield><controlfield tag="001">9823</controlfield><controlfield tag="003">TxDaGIAL</controlfield><datafield ind1=" " ind2=" " tag="852"><subfield code="p">37741100021326</subfield><subfield code="a">Library</subfield><subfield code="x">COPYID:11587</subfield><subfield code="x">FSC@aRegular@c19971027</subfield><subfield code="h">491.55 H717w 1955</subfield><subfield code="z">1851</subfield></datafield></record>