
<record><leader>00982cam a2200277 a 4500</leader><controlfield tag="008">941027s1994    gw a     b    000 0 eng  </controlfield><datafield ind1=" " ind2=" " tag="010"><subfield code="a">   93039338 //r94</subfield></datafield><datafield ind1=" " ind2=" " tag="020"><subfield code="a">3110129558 (pbk.) :</subfield><subfield code="c">$14.95</subfield></datafield><datafield ind1=" " ind2=" " tag="040"><subfield code="a">DLC</subfield><subfield code="c">DLC</subfield><subfield code="d">DLC</subfield></datafield><datafield ind1=" " ind2=" " tag="043"><subfield code="a">n-us-ca</subfield></datafield><datafield ind1="0" ind2="0" tag="050"><subfield code="a">PM2681.Z77</subfield><subfield code="b">Y64 1994</subfield></datafield><datafield ind1="0" ind2="0" tag="082"><subfield code="a">497/.41</subfield><subfield code="2">20</subfield></datafield><datafield ind1="0" ind2="0" tag="245"><subfield code="a">Yokuts texts /</subfield><subfield code="c">edited by Geoffrey Gamble.</subfield></datafield><datafield ind1=" " ind2=" " tag="260"><subfield code="a">Berlin ;</subfield><subfield code="a">New York :</subfield><subfield code="b">Mouton de Gruyter,</subfield><subfield code="c">1994.</subfield></datafield><datafield ind1=" " ind2=" " tag="300"><subfield code="a">108 p. :</subfield><subfield code="b">ill., map ;</subfield><subfield code="c">23 cm.</subfield></datafield><datafield ind1="1" ind2=" " tag="490"><subfield code="a">Native American texts series ;</subfield><subfield code="v">1</subfield></datafield><datafield ind1=" " ind2=" " tag="504"><subfield code="a">Includes bibliographical references (p. [106]-108).</subfield></datafield><datafield ind1=" " ind2="0" tag="650"><subfield code="a">Yokuts language</subfield><subfield code="v">Texts.</subfield></datafield><datafield ind1=" " ind2="0" tag="650"><subfield code="a">Yokuts Indians</subfield><subfield code="v">Folklore.</subfield></datafield><datafield ind1="1" ind2="0" tag="700"><subfield code="a">Gamble, Geoffrey.</subfield></datafield><datafield ind1=" " ind2="0" tag="830"><subfield code="a">Native American texts series (Berlin, Germany) ;</subfield><subfield code="v">1.</subfield></datafield><datafield ind1=" " ind2=" " tag="035"><subfield code="a">(TxDaGIAL)37741100010819</subfield></datafield><controlfield tag="005">20080624162041.0</controlfield><controlfield tag="001">9858</controlfield><controlfield tag="003">TxDaGIAL</controlfield><datafield ind1=" " ind2=" " tag="852"><subfield code="p">37741100010819</subfield><subfield code="a">Library</subfield><subfield code="9">$13.01</subfield><subfield code="x">FUND:Ling</subfield><subfield code="x">COPYID:11625</subfield><subfield code="x">FSC@aRegular@c19960410</subfield><subfield code="h">497.41 Y54g 1993</subfield><subfield code="z">B/T  4-96</subfield></datafield></record>