
<record><leader>00689nam a22002051i 4500</leader><controlfield tag="008">861013s1964    mau           000 0 eng d</controlfield><datafield ind1=" " ind2=" " tag="010"><subfield code="a">   63013465</subfield></datafield><datafield ind1=" " ind2=" " tag="040"><subfield code="a">PSt</subfield><subfield code="c">PSt</subfield><subfield code="d">TxDaGIAL</subfield></datafield><datafield ind1="0" ind2="0" tag="050"><subfield code="a">PG2111</subfield><subfield code="b">.R78</subfield></datafield><datafield ind1="1" ind2="0" tag="100"><subfield code="a">Rudolph, Marguerita.</subfield></datafield><datafield ind1="1" ind2="0" tag="245"><subfield code="a">You can learn Russian /</subfield><subfield code="c">by Marguerita Rudolph; illustrated by John Kaufmann.</subfield></datafield><datafield ind1=" " ind2=" " tag="250"><subfield code="a">[1st ed.].</subfield></datafield><datafield ind1="0" ind2=" " tag="260"><subfield code="a">Boston :</subfield><subfield code="b">Little, Brown,</subfield><subfield code="c">[1964].</subfield></datafield><datafield ind1=" " ind2=" " tag="300"><subfield code="a">xii, 147 p. :</subfield><subfield code="b">col. illus. ;</subfield><subfield code="c">21 cm.</subfield></datafield><datafield ind1=" " ind2="0" tag="650"><subfield code="a">Russian language</subfield><subfield code="x">Grammar.</subfield></datafield><datafield ind1=" " ind2=" " tag="035"><subfield code="a">(TxDaGIAL)37741100020699</subfield></datafield><controlfield tag="005">20080624162043.0</controlfield><controlfield tag="001">9862</controlfield><controlfield tag="003">TxDaGIAL</controlfield><datafield ind1=" " ind2=" " tag="852"><subfield code="p">37741100020699</subfield><subfield code="a">Library</subfield><subfield code="x">COPYID:11629</subfield><subfield code="x">FSC@aRegular@c19970930</subfield><subfield code="h">491.7824 R917y 1964</subfield><subfield code="z">12952</subfield></datafield></record>