
<record><leader>01038cam a2200277 a 4500</leader><controlfield tag="008">841213s1985    enka     b    00110 eng  </controlfield><datafield ind1=" " ind2=" " tag="010"><subfield code="a">   84029228 //r882</subfield></datafield><datafield ind1=" " ind2=" " tag="020"><subfield code="a">0521305101</subfield></datafield><datafield ind1=" " ind2=" " tag="040"><subfield code="a">DLC</subfield><subfield code="c">DLC</subfield><subfield code="d">TxDaGIAL</subfield></datafield><datafield ind1="0" ind2=" " tag="050"><subfield code="a">PL7101.D5</subfield><subfield code="b">S33 1985</subfield></datafield><datafield ind1="0" ind2=" " tag="082"><subfield code="a">499/.15</subfield><subfield code="2">19</subfield></datafield><datafield ind1="1" ind2="0" tag="100"><subfield code="a">Schmidt, Annette,</subfield><subfield code="d">1958-</subfield></datafield><datafield ind1="1" ind2="0" tag="245"><subfield code="a">Young people's dyirbal :</subfield><subfield code="b">an example of language death from Australia /</subfield><subfield code="c">Annette Schmidt.</subfield></datafield><datafield ind1="0" ind2=" " tag="260"><subfield code="a">Cambridge [Cambridgeshire] ;</subfield><subfield code="a">New York :</subfield><subfield code="b">Cambridge University Press,</subfield><subfield code="c">1985.</subfield></datafield><datafield ind1=" " ind2=" " tag="300"><subfield code="a">xv, 252 p. :</subfield><subfield code="b">ill. ;</subfield><subfield code="c">24 cm.</subfield></datafield><datafield ind1=" " ind2=" " tag="500"><subfield code="a">"Cambridge studies in linguistics. Supplementary volumes"--Series t.p.</subfield></datafield><datafield ind1=" " ind2=" " tag="504"><subfield code="a">Bibliography: p. [242]-248.</subfield></datafield><datafield ind1=" " ind2=" " tag="500"><subfield code="a">Includes index.</subfield></datafield><datafield ind1=" " ind2="0" tag="650"><subfield code="a">Djirbal language.</subfield></datafield><datafield ind1=" " ind2="0" tag="650"><subfield code="a">Language obsolescence.</subfield></datafield><datafield ind1="0" ind2="1" tag="730"><subfield code="a">Cambridge studies in linguistics.</subfield><subfield code="p">Supplement.</subfield></datafield><datafield ind1=" " ind2=" " tag="035"><subfield code="a">(TxDaGIAL)37741100011194</subfield></datafield><controlfield tag="005">20080624162044.0</controlfield><controlfield tag="001">9870</controlfield><controlfield tag="003">TxDaGIAL</controlfield><datafield ind1=" " ind2=" " tag="852"><subfield code="p">37741100011194</subfield><subfield code="a">Library</subfield><subfield code="x">COPYID:11638</subfield><subfield code="x">FSC@aRegular@c19960426</subfield><subfield code="h">499.1521 S349y 1985</subfield><subfield code="z">12190</subfield></datafield></record>