
<record><leader>00724nam a2200217Ia 4500</leader><controlfield tag="008">810512s1934    nyu           000 0 eng d</controlfield><datafield ind1=" " ind2=" " tag="040"><subfield code="a">CLE</subfield><subfield code="c">CLE</subfield><subfield code="d">AUM</subfield></datafield><datafield ind1=" " ind2=" " tag="049"><subfield code="a">AUMM</subfield></datafield><datafield ind1=" " ind2=" " tag="094"><subfield code="a">yuc00</subfield><subfield code="2">ROPAL</subfield></datafield><datafield ind1="1" ind2="0" tag="100"><subfield code="a">Wagner, G&#252;nter,</subfield><subfield code="d">1908-1952.</subfield></datafield><datafield ind1="1" ind2="0" tag="245"><subfield code="a">Yuchi /</subfield><subfield code="c">by G&#252;nter Wagner.</subfield></datafield><datafield ind1=" " ind2=" " tag="260"><subfield code="a">New York :</subfield><subfield code="b">Columbia University Press,</subfield><subfield code="c">1934.</subfield></datafield><datafield ind1=" " ind2=" " tag="300"><subfield code="a">p.[295]-384 ;</subfield><subfield code="c">25 cm.</subfield></datafield><datafield ind1=" " ind2=" " tag="500"><subfield code="a">"Extract from Handbook of American Indian languages, vol. III."</subfield></datafield><datafield ind1=" " ind2="0" tag="650"><subfield code="a">Yuchi language.</subfield></datafield><datafield ind1="0" ind2="1" tag="740"><subfield code="a">Handbook of American Indian languages.</subfield></datafield><datafield ind1=" " ind2=" " tag="035"><subfield code="a">(TxDaGIAL)37741100021063</subfield></datafield><controlfield tag="005">20080624162046.0</controlfield><controlfield tag="001">9879</controlfield><controlfield tag="003">TxDaGIAL</controlfield><datafield ind1=" " ind2=" " tag="852"><subfield code="p">37741100021063</subfield><subfield code="a">Library</subfield><subfield code="x">COPYID:11648</subfield><subfield code="x">FSC@aRegular@c19971017</subfield><subfield code="h">497.3 W133y 1934</subfield><subfield code="z">360</subfield></datafield></record>