
<record><leader>00877nam a2200241Ii 4500</leader><controlfield tag="008">761008s1976    txua     b    00010 eng d</controlfield><datafield ind1=" " ind2=" " tag="035"><subfield code="a">(CU-UC)918741</subfield></datafield><datafield ind1=" " ind2=" " tag="040"><subfield code="a">IUA</subfield><subfield code="c">IUA</subfield><subfield code="d">CLU</subfield></datafield><datafield ind1="1" ind2="0" tag="100"><subfield code="a">Marks, Donna Louise,</subfield><subfield code="d">1947-</subfield></datafield><datafield ind1="1" ind2="0" tag="245"><subfield code="a">Zapotec verb morphology :</subfield><subfield code="b">categories and tonomechanics with special attention to Sierra Juarez Zapotec /</subfield><subfield code="c">by Donna Louise Marks.</subfield></datafield><datafield ind1="0" ind2=" " tag="260"><subfield code="c">1976.</subfield></datafield><datafield ind1=" " ind2=" " tag="300"><subfield code="a">vii, 142 leaves :</subfield><subfield code="b">ill. ;</subfield><subfield code="c">29 cm.</subfield></datafield><datafield ind1=" " ind2=" " tag="500"><subfield code="a">Vita.</subfield></datafield><datafield ind1=" " ind2=" " tag="502"><subfield code="a">Thesis (M.A.)--University of Texas at Arlington, 1976.</subfield></datafield><datafield ind1=" " ind2=" " tag="504"><subfield code="a">Bibliography: leaves 139-141.</subfield></datafield><datafield ind1=" " ind2=" " tag="546"><subfield code="a">English.</subfield></datafield><datafield ind1=" " ind2="0" tag="650"><subfield code="a">Zapotec language.</subfield></datafield><datafield ind1=" " ind2="0" tag="650"><subfield code="a">Grammar, Comparative and general</subfield><subfield code="x">Word formation.</subfield></datafield><datafield ind1=" " ind2=" " tag="035"><subfield code="a">(TxDaGIAL)37741100016281</subfield></datafield><controlfield tag="005">20080624162048.0</controlfield><controlfield tag="001">9888</controlfield><controlfield tag="003">TxDaGIAL</controlfield><datafield ind1=" " ind2=" " tag="852"><subfield code="p">37741100016281</subfield><subfield code="a">Library</subfield><subfield code="x">COPYID:11657</subfield><subfield code="x">FSC@aRegular@c19970328</subfield><subfield code="h">497.65 M346z 1976</subfield><subfield code="z">10164</subfield></datafield></record>