
<record><leader>00840nam a2200217 i 4500</leader><controlfield tag="008">960909s1996    txu           000 0 eng d</controlfield><datafield ind1=" " ind2=" " tag="040"><subfield code="a">TxDaGIAL</subfield><subfield code="c">TxDaGIAL</subfield></datafield><datafield ind1="1" ind2=" " tag="100"><subfield code="a">Brush, Beaumont Nelson.</subfield></datafield><datafield ind1="1" ind2="0" tag="245"><subfield code="a">Zero anaphora and related phenomena in Literary Tibetan /</subfield><subfield code="c">by Beaumont Nelson Brush.</subfield></datafield><datafield ind1=" " ind2=" " tag="260"><subfield code="c">1996.</subfield></datafield><datafield ind1=" " ind2=" " tag="300"><subfield code="a">xvi, 218 leaves ;</subfield><subfield code="c">28 cm.</subfield></datafield><datafield ind1=" " ind2=" " tag="502"><subfield code="a">Thesis (M.A.)--University of Texas at Arlington, 1996.</subfield></datafield><datafield ind1=" " ind2=" " tag="504"><subfield code="a">Includes bibliographical references (leaves 215-218).</subfield></datafield><datafield ind1=" " ind2="0" tag="650"><subfield code="a">Tibetan language</subfield><subfield code="x">Syntax.</subfield></datafield><datafield ind1=" " ind2="0" tag="650"><subfield code="a">Tibetan language</subfield><subfield code="x">Discourse.</subfield></datafield><datafield ind1="2" ind2="0" tag="610"><subfield code="a">University of Texas at Arlington.</subfield><subfield code="b">Graduate School.</subfield></datafield><datafield ind1=" " ind2=" " tag="035"><subfield code="a">(TxDaGIAL)37741100013116</subfield></datafield><controlfield tag="005">20080624162048.0</controlfield><controlfield tag="001">9891</controlfield><controlfield tag="003">TxDaGIAL</controlfield><datafield ind1=" " ind2=" " tag="852"><subfield code="p">37741100013116</subfield><subfield code="a">Library</subfield><subfield code="9">$0.00</subfield><subfield code="x">COPYID:11660</subfield><subfield code="x">FSC@aRegular@c19960812</subfield><subfield code="h">495.41 B912z 1996</subfield><subfield code="z">author gift</subfield></datafield></record>