
<record><leader>00853nam a2200241 a 4500</leader><controlfield tag="008">970930s1986    txu           000 0 eng d</controlfield><datafield ind1=" " ind2=" " tag="040"><subfield code="a">TxDaGIAL</subfield><subfield code="c">TxDaGIAL</subfield></datafield><datafield ind1=" " ind2=" " tag="094"><subfield code="a">zim00</subfield><subfield code="2">ROPAL</subfield></datafield><datafield ind1="1" ind2=" " tag="100"><subfield code="a">Hufnagel, Ruth Ann.</subfield></datafield><datafield ind1="1" ind2="2" tag="245"><subfield code="a">A Zime narrative from the perspective of three strata /</subfield><subfield code="c">by Ruth Ann Hufnagel.</subfield></datafield><datafield ind1=" " ind2=" " tag="260"><subfield code="c">1986.</subfield></datafield><datafield ind1=" " ind2=" " tag="300"><subfield code="a">x, 228 leaves :</subfield><subfield code="b">ill., charts ;</subfield><subfield code="c">29 cm.</subfield></datafield><datafield ind1=" " ind2=" " tag="502"><subfield code="a">Thesis (M.A.)--University of Texas at Arlington, 1986.</subfield></datafield><datafield ind1=" " ind2=" " tag="504"><subfield code="a">Bibliography: leaves 224-226.</subfield></datafield><datafield ind1=" " ind2="0" tag="650"><subfield code="a">Mesme language.</subfield></datafield><datafield ind1=" " ind2="0" tag="650"><subfield code="a">Chadic languages.</subfield></datafield><datafield ind1=" " ind2="0" tag="650"><subfield code="a">Stratificational grammar.</subfield></datafield><datafield ind1="2" ind2="0" tag="610"><subfield code="a">University of Texas at Arlington</subfield><subfield code="x">Dissertations.</subfield></datafield><datafield ind1=" " ind2=" " tag="035"><subfield code="a">(TxDaGIAL)37741100020736</subfield></datafield><controlfield tag="005">20080624162048.0</controlfield><controlfield tag="001">9893</controlfield><controlfield tag="003">TxDaGIAL</controlfield><datafield ind1=" " ind2=" " tag="852"><subfield code="p">37741100020736</subfield><subfield code="a">Library</subfield><subfield code="x">COPYID:11662</subfield><subfield code="x">FSC@aRegular@c19970929</subfield><subfield code="h">493.7 H889z 1986</subfield><subfield code="z">12089</subfield></datafield></record>