
<record><leader>01219nam a2200337 a 4500</leader><controlfield tag="008">950313r19961995ilua     b    000 0 eng d</controlfield><datafield ind1=" " ind2=" " tag="010"><subfield code="a">   95068146</subfield></datafield><datafield ind1=" " ind2=" " tag="020"><subfield code="a">0844237019 (pbk.) :</subfield><subfield code="c">$17.95 (U.S.)</subfield></datafield><datafield ind1=" " ind2=" " tag="035"><subfield code="a">(OCoLC)34975028</subfield></datafield><datafield ind1=" " ind2=" " tag="040"><subfield code="a">IHS</subfield><subfield code="c">IHS</subfield><subfield code="d">DLC</subfield></datafield><datafield ind1="0" ind2=" " tag="041"><subfield code="a">engzul</subfield></datafield><datafield ind1=" " ind2=" " tag="042"><subfield code="a">lccopycat</subfield></datafield><datafield ind1="0" ind2="0" tag="050"><subfield code="a">PL8842</subfield><subfield code="b">.W55 1996</subfield></datafield><datafield ind1="0" ind2="0" tag="082"><subfield code="a">496/.398682/421</subfield><subfield code="2">21</subfield></datafield><datafield ind1="1" ind2=" " tag="100"><subfield code="a">Wilkes, Arnett.</subfield></datafield><datafield ind1="1" ind2="0" tag="245"><subfield code="a">Zulu :</subfield><subfield code="b">a complete course for beginners /</subfield><subfield code="c">Arnett Wilkes and Nicholias Nkosi.</subfield></datafield><datafield ind1="1" ind2="8" tag="246"><subfield code="a">Teach yourself Zulu</subfield></datafield><datafield ind1=" " ind2=" " tag="260"><subfield code="a">Lincolnwood, Ill. :</subfield><subfield code="b">NTC Pub. Group,</subfield><subfield code="c">1996.</subfield></datafield><datafield ind1=" " ind2=" " tag="300"><subfield code="a">268 p. :</subfield><subfield code="b">ill. ;</subfield><subfield code="c">20 cm.</subfield></datafield><datafield ind1="1" ind2=" " tag="490"><subfield code="a">Teach yourself books</subfield></datafield><datafield ind1=" " ind2=" " tag="500"><subfield code="a">Originally published: London : Hodder Headline, 1995.</subfield></datafield><datafield ind1=" " ind2=" " tag="504"><subfield code="a">Includes bibliographical references (p. 253).</subfield></datafield><datafield ind1=" " ind2="0" tag="650"><subfield code="a">Zulu language</subfield><subfield code="v">Textbooks for foreign speakers</subfield><subfield code="x">English.</subfield></datafield><datafield ind1=" " ind2="0" tag="650"><subfield code="a">Zulu language</subfield><subfield code="x">Self-instruction.</subfield></datafield><datafield ind1="1" ind2=" " tag="700"><subfield code="a">Nkosi, Nicholias.</subfield></datafield><datafield ind1=" " ind2="0" tag="830"><subfield code="a">Teach yourself books (Lincolnwood, Ill.)</subfield></datafield><datafield ind1=" " ind2=" " tag="035"><subfield code="a">(TxDaGIAL)37741100021028</subfield></datafield><controlfield tag="005">20080624162049.0</controlfield><controlfield tag="001">9897</controlfield><controlfield tag="003">TxDaGIAL</controlfield><datafield ind1=" " ind2=" " tag="852"><subfield code="p">37741100021028</subfield><subfield code="a">Library</subfield><subfield code="9">$17.95</subfield><subfield code="x">FUND:Ling</subfield><subfield code="x">COPYID:11671</subfield><subfield code="x">FSC@aRegular@c19971017</subfield><subfield code="h">496.3986 W682z 1996</subfield><subfield code="z">B/T 9-97</subfield></datafield></record>