
<record><leader>00955nam a2200265I  4500</leader><controlfield tag="008">761215s1950    au a     b    00000 ger  </controlfield><datafield ind1=" " ind2=" " tag="010"><subfield code="a">   56028533</subfield></datafield><datafield ind1=" " ind2=" " tag="035"><subfield code="a">(CU-UC)dlaisn5064261</subfield></datafield><datafield ind1=" " ind2=" " tag="040"><subfield code="a">DLC</subfield><subfield code="c">UUM</subfield><subfield code="d">SER</subfield><subfield code="d">m/c</subfield><subfield code="d">CLU</subfield></datafield><datafield ind1="0" ind2=" " tag="050"><subfield code="a">PL1213</subfield><subfield code="b">.G5 1950</subfield></datafield><datafield ind1="1" ind2="0" tag="100"><subfield code="a">Giet, Franz,</subfield><subfield code="d">1902-</subfield></datafield><datafield ind1="1" ind2="0" tag="245"><subfield code="a">Zur Tonit&#228;t nordchinesischer Mundarten.</subfield></datafield><datafield ind1="0" ind2=" " tag="260"><subfield code="a">Wien-M&#246;dling :</subfield><subfield code="b">Verlag der Missionsdruckerei St. Gabriel,</subfield><subfield code="c">1950.</subfield></datafield><datafield ind1=" " ind2=" " tag="300"><subfield code="a">xx, 184 p. :</subfield><subfield code="b">illus., maps (part col., 12 in pocket) ;</subfield><subfield code="c">29 cm.</subfield></datafield><datafield ind1=" " ind2="0" tag="440"><subfield code="a">Studia Instituti Anthropos ;</subfield><subfield code="v">vol. 2</subfield></datafield><datafield ind1=" " ind2=" " tag="500"><subfield code="a">Issued also as thesis, Bonn.</subfield></datafield><datafield ind1=" " ind2=" " tag="504"><subfield code="a">Bibliography: p. xii-xiv.</subfield></datafield><datafield ind1=" " ind2=" " tag="546"><subfield code="a">German.</subfield></datafield><datafield ind1=" " ind2=" " tag="590"><subfield code="a">Inscribed by the author.</subfield></datafield><datafield ind1=" " ind2="0" tag="650"><subfield code="a">Chinese language</subfield><subfield code="x">Intonation.</subfield></datafield><datafield ind1=" " ind2=" " tag="035"><subfield code="a">(TxDaGIAL)37741100014923</subfield></datafield><controlfield tag="005">20080624162049.0</controlfield><controlfield tag="001">9898</controlfield><controlfield tag="003">TxDaGIAL</controlfield><datafield ind1=" " ind2=" " tag="852"><subfield code="p">37741100014923</subfield><subfield code="a">Library</subfield><subfield code="b">Kenneth L. Pike Coll</subfield><subfield code="x">COPYID:11672</subfield><subfield code="x">FSC@aRegular@c19970203</subfield><subfield code="h">495.116 G455z 1950</subfield><subfield code="z">530</subfield></datafield></record>