
<record><leader>00793nam a2200253Ia 4500</leader><controlfield tag="008">950321s1994    xx       b    000 0 eng d</controlfield><datafield ind1=" " ind2=" " tag="035"><subfield code="a">(CU-UC)9828795</subfield></datafield><datafield ind1=" " ind2=" " tag="040"><subfield code="a">CLU</subfield><subfield code="c">CLU</subfield><subfield code="d">TxDaGIAL</subfield></datafield><datafield ind1="1" ind2=" " tag="100"><subfield code="a">Ohta, Kaoru,</subfield><subfield code="d">1958-</subfield></datafield><datafield ind1="1" ind2="0" tag="245"><subfield code="a">Verbal nouns in Japanese /</subfield><subfield code="c">by Kaoru Ohta.</subfield></datafield><datafield ind1=" " ind2=" " tag="260"><subfield code="c">1994.</subfield></datafield><datafield ind1=" " ind2=" " tag="300"><subfield code="a">xi, 221 p. ;</subfield><subfield code="c">28 cm.</subfield></datafield><datafield ind1=" " ind2="0" tag="440"><subfield code="a">UCLA dissertations in linguistics ;</subfield><subfield code="v">12</subfield></datafield><datafield ind1=" " ind2=" " tag="500"><subfield code="a">Vita.</subfield></datafield><datafield ind1=" " ind2=" " tag="502"><subfield code="a">Thesis (Ph. D.)--UCLA, 1994.</subfield></datafield><datafield ind1=" " ind2=" " tag="504"><subfield code="a">Bibliography: p.216-221.</subfield></datafield><datafield ind1=" " ind2=" " tag="546"><subfield code="a">English.</subfield></datafield><datafield ind1=" " ind2="0" tag="650"><subfield code="a">Japanese language</subfield><subfield code="x">Noun.</subfield></datafield><datafield ind1=" " ind2="0" tag="650"><subfield code="a">Japanese language</subfield><subfield code="x">Verb.</subfield></datafield><datafield ind1=" " ind2=" " tag="035"><subfield code="a">(TxDaGIAL)37741100020261</subfield></datafield><controlfield tag="005">20080624162050.0</controlfield><controlfield tag="001">9900</controlfield><controlfield tag="003">TxDaGIAL</controlfield><datafield ind1=" " ind2=" " tag="852"><subfield code="p">37741100020261</subfield><subfield code="a">Library</subfield><subfield code="x">COPYID:11674</subfield><subfield code="x">FSC@aRegular@c19971125</subfield><subfield code="h">495.65 O38v 1994</subfield><subfield code="z">direct order 1997</subfield></datafield></record>