
<record><leader>00769nam a2200241 i 4500</leader><controlfield tag="008">771122s1974    inu      b    000 0 eng  </controlfield><datafield ind1=" " ind2=" " tag="010"><subfield code="a">   77374535</subfield></datafield><datafield ind1=" " ind2=" " tag="040"><subfield code="d">TxDaGIAL</subfield></datafield><datafield ind1="0" ind2=" " tag="041"><subfield code="a">engspa</subfield></datafield><datafield ind1=" " ind2=" " tag="082"><subfield code="a">468/.2/421</subfield></datafield><datafield ind1="1" ind2=" " tag="100"><subfield code="a">Contreras, Heles.</subfield></datafield><datafield ind1="1" ind2="0" tag="245"><subfield code="a">Indeterminate-subject sentences in Spanish /</subfield><subfield code="c">Heles Contreras.</subfield></datafield><datafield ind1=" " ind2=" " tag="260"><subfield code="a">Bloomington :</subfield><subfield code="b">Indiana University Linguistics Club,</subfield><subfield code="c">1974.</subfield></datafield><datafield ind1=" " ind2=" " tag="300"><subfield code="a">72 p. ;</subfield><subfield code="c">28 cm.</subfield></datafield><datafield ind1=" " ind2=" " tag="504"><subfield code="a">Bibliography: p. 71-72.</subfield></datafield><datafield ind1=" " ind2="0" tag="650"><subfield code="a">Spanish language</subfield><subfield code="x">Syntax.</subfield></datafield><datafield ind1=" " ind2="0" tag="650"><subfield code="a">Spanish language</subfield><subfield code="x">Pronoun.</subfield></datafield><datafield ind1=" " ind2="0" tag="650"><subfield code="a">Spanish language</subfield><subfield code="x">Verb.</subfield></datafield><datafield ind1=" " ind2=" " tag="035"><subfield code="a">(TxDaGIAL)37741100020272</subfield></datafield><controlfield tag="005">20080624162051.0</controlfield><controlfield tag="001">9909</controlfield><controlfield tag="003">TxDaGIAL</controlfield><datafield ind1=" " ind2=" " tag="852"><subfield code="p">37741100020272</subfield><subfield code="a">Library</subfield><subfield code="x">COPYID:11683</subfield><subfield code="x">FSC@aRegular@c19971125</subfield><subfield code="h">465 C764i 1974</subfield></datafield></record>