
<record><leader>00929nam a2200253 i 4500</leader><controlfield tag="008">710915s1958    ii            000 0 eng  </controlfield><datafield ind1=" " ind2=" " tag="010"><subfield code="a">sa 68005333</subfield></datafield><datafield ind1=" " ind2=" " tag="040"><subfield code="a">DLC</subfield><subfield code="c">DLC</subfield><subfield code="d">DLC</subfield><subfield code="d">TxDaGIAL</subfield></datafield><datafield ind1="0" ind2=" " tag="041"><subfield code="a">engkan</subfield></datafield><datafield ind1="0" ind2="0" tag="050"><subfield code="a">PL4643</subfield><subfield code="b">.B7</subfield></datafield><datafield ind1="1" ind2="0" tag="100"><subfield code="a">Bright, William,</subfield><subfield code="d">1928-</subfield></datafield><datafield ind1="1" ind2="3" tag="245"><subfield code="a">An outline of colloquial Kannada /</subfield><subfield code="c">by William Bright.</subfield></datafield><datafield ind1=" " ind2=" " tag="250"><subfield code="a">[1st ed.].</subfield></datafield><datafield ind1="0" ind2=" " tag="260"><subfield code="a">Poona :</subfield><subfield code="b">[Deccan College Postgraduate and Research Institute],</subfield><subfield code="c">1958.</subfield></datafield><datafield ind1=" " ind2=" " tag="300"><subfield code="a">viii, 75 p. ;</subfield><subfield code="c">25 cm.</subfield></datafield><datafield ind1="1" ind2=" " tag="490"><subfield code="a">Deccan College monograph series</subfield></datafield><datafield ind1=" " ind2="0" tag="650"><subfield code="a">Kannada language</subfield><subfield code="x">Spoken Kannada.</subfield></datafield><datafield ind1=" " ind2="0" tag="650"><subfield code="a">Kannada language</subfield><subfield code="x">Grammar.</subfield></datafield><datafield ind1="2" ind2=" " tag="810"><subfield code="a">Deccan College Post-graduate and Research Institute, Poona, India.</subfield><subfield code="t">Deccan College monograph series,</subfield><subfield code="v">22.</subfield></datafield><datafield ind1=" " ind2=" " tag="035"><subfield code="a">(TxDaGIAL)37741100020280</subfield></datafield><controlfield tag="005">20080624162051.0</controlfield><controlfield tag="001">9913</controlfield><controlfield tag="003">TxDaGIAL</controlfield><datafield ind1=" " ind2=" " tag="852"><subfield code="p">37741100020280</subfield><subfield code="a">Library</subfield><subfield code="x">COPYID:11687</subfield><subfield code="x">FSC@aRegular@c19971125</subfield><subfield code="h">494.814 B855a 1958</subfield></datafield></record>