
<record><leader>00591nam a2200181 a 4500</leader><controlfield tag="008">971125s1981    ii            000 0 eng d</controlfield><datafield ind1=" " ind2=" " tag="040"><subfield code="a">TxDaGIAL</subfield><subfield code="c">TxDaGIAL</subfield></datafield><datafield ind1="1" ind2=" " tag="100"><subfield code="a">Paul, Alaichamy.</subfield></datafield><datafield ind1="1" ind2="0" tag="245"><subfield code="a">Kukna :</subfield><subfield code="b">phonemic summary /</subfield><subfield code="c">Alaichamy Paul &amp; Christeena Paul.</subfield></datafield><datafield ind1=" " ind2=" " tag="260"><subfield code="a">Gujarat, India ;</subfield><subfield code="a">Bombay :</subfield><subfield code="b">GLS Press,</subfield><subfield code="c">1981.</subfield></datafield><datafield ind1=" " ind2=" " tag="300"><subfield code="a">41 p. ;</subfield><subfield code="c">21 cm.</subfield></datafield><datafield ind1=" " ind2="4" tag="650"><subfield code="a">Kukna language.</subfield></datafield><datafield ind1="1" ind2="0" tag="700"><subfield code="a">Paul, Christeena.</subfield></datafield><datafield ind1=" " ind2=" " tag="035"><subfield code="a">(TxDaGIAL)37741100021998</subfield></datafield><controlfield tag="005">20080624162051.0</controlfield><controlfield tag="001">9915</controlfield><controlfield tag="003">TxDaGIAL</controlfield><datafield ind1=" " ind2=" " tag="852"><subfield code="p">37741100021998</subfield><subfield code="a">Library</subfield><subfield code="x">COPYID:11689</subfield><subfield code="x">FSC@aRegular@c19971125</subfield><subfield code="h">491.47 P324k 1981</subfield></datafield></record>