
<record><leader>01078cam a2200265Ia 4500</leader><controlfield tag="008">970425s1996    inua     b    000 0 eng d</controlfield><datafield ind1=" " ind2=" " tag="035"><subfield code="a">(OCoLC)36801298</subfield></datafield><datafield ind1=" " ind2=" " tag="040"><subfield code="a">IBS</subfield><subfield code="c">IBS</subfield><subfield code="d">UIU</subfield></datafield><datafield ind1="0" ind2=" " tag="041"><subfield code="a">engchi</subfield></datafield><datafield ind1="1" ind2=" " tag="100"><subfield code="a">Hung, Feng-sheng.</subfield></datafield><datafield ind1="1" ind2="0" tag="245"><subfield code="a">Prosody and the acquisition of grammatical morphemes in Chinese languages /</subfield><subfield code="c">Feng-sheng Hung.</subfield></datafield><datafield ind1=" " ind2=" " tag="260"><subfield code="a">Bloomington, Ind. :</subfield><subfield code="b">Indiana University Linguistics Club Publications,</subfield><subfield code="c">1996.</subfield></datafield><datafield ind1=" " ind2=" " tag="300"><subfield code="a">x, 150 p. :</subfield><subfield code="b">ill. ;</subfield><subfield code="c">23 cm.</subfield></datafield><datafield ind1=" " ind2=" " tag="504"><subfield code="a">Includes bibliographical references (p. [113]-123.).</subfield></datafield><datafield ind1=" " ind2="0" tag="650"><subfield code="a">Chinese language</subfield><subfield code="x">Prosodic analysis.</subfield></datafield><datafield ind1=" " ind2="0" tag="650"><subfield code="a">Chinese language</subfield><subfield code="x">Morphology.</subfield></datafield><datafield ind1=" " ind2="0" tag="650"><subfield code="a">Chinese language</subfield><subfield code="x">Dialects</subfield><subfield code="z">Taiwan.</subfield></datafield><datafield ind1=" " ind2="0" tag="650"><subfield code="a">Chinese language</subfield><subfield code="x">Acquisition.</subfield></datafield><datafield ind1=" " ind2="0" tag="650"><subfield code="a">Grammar, Comparative and general</subfield><subfield code="x">Morphology.</subfield></datafield><datafield ind1="2" ind2=" " tag="710"><subfield code="a">Indiana University Linguistics Club.</subfield></datafield><datafield ind1=" " ind2=" " tag="035"><subfield code="a">(TxDaGIAL)37741100021970</subfield></datafield><controlfield tag="005">20080624162052.0</controlfield><controlfield tag="001">9922</controlfield><controlfield tag="003">TxDaGIAL</controlfield><datafield ind1=" " ind2=" " tag="852"><subfield code="p">37741100021970</subfield><subfield code="a">Library</subfield><subfield code="9">$20.00</subfield><subfield code="x">FUND:Ling</subfield><subfield code="x">COPYID:11699</subfield><subfield code="x">FSC@aRegular@c19971124</subfield><subfield code="h">495.1 H936p 1996</subfield><subfield code="z">IU LINGUISTICS CLUB 11-97</subfield></datafield></record>