
<record><leader>01034nam a2200301 a 4500</leader><controlfield tag="008">940908t19961995iluab         000 0 eng d</controlfield><datafield ind1=" " ind2=" " tag="010"><subfield code="a">   94065936</subfield></datafield><datafield ind1=" " ind2=" " tag="020"><subfield code="a">0844237825 (pbk.) :</subfield><subfield code="c">$10.95</subfield></datafield><datafield ind1=" " ind2=" " tag="035"><subfield code="a">(OCoLC)34004935</subfield></datafield><datafield ind1=" " ind2=" " tag="040"><subfield code="a">MiWaOW</subfield><subfield code="c">MiWaOW</subfield><subfield code="d">OOxM</subfield><subfield code="d">DLC</subfield></datafield><datafield ind1="0" ind2=" " tag="041"><subfield code="a">engtha</subfield></datafield><datafield ind1=" " ind2=" " tag="042"><subfield code="a">lccopycat</subfield></datafield><datafield ind1="0" ind2="4" tag="050"><subfield code="a">PL4163</subfield><subfield code="b">.S64 1996</subfield></datafield><datafield ind1="0" ind2="0" tag="082"><subfield code="a">495.9/182421</subfield><subfield code="2">21</subfield></datafield><datafield ind1="1" ind2=" " tag="100"><subfield code="a">Smyth, David,</subfield><subfield code="d">1954-</subfield></datafield><datafield ind1="1" ind2="0" tag="245"><subfield code="a">Thai :</subfield><subfield code="b">a complete course for beginners /</subfield><subfield code="c">David Smyth.</subfield></datafield><datafield ind1=" " ind2=" " tag="260"><subfield code="a">Lincolnwood, Ill. :</subfield><subfield code="b">NTC Pub. Group,</subfield><subfield code="c">1996, c1995.</subfield></datafield><datafield ind1=" " ind2=" " tag="300"><subfield code="a">v, 265 p. :</subfield><subfield code="b">ill., maps ;</subfield><subfield code="c">20 cm.</subfield></datafield><datafield ind1="1" ind2=" " tag="490"><subfield code="a">Teach yourself books</subfield></datafield><datafield ind1=" " ind2=" " tag="500"><subfield code="a">Includes index.</subfield></datafield><datafield ind1=" " ind2=" " tag="546"><subfield code="a">English and Thai.</subfield></datafield><datafield ind1=" " ind2="0" tag="650"><subfield code="a">Thai language</subfield><subfield code="v">Conversation and phrase books</subfield><subfield code="x">English.</subfield></datafield><datafield ind1=" " ind2="0" tag="830"><subfield code="a">Teach yourself books (Lincolnwood, Ill.)</subfield></datafield><datafield ind1=" " ind2=" " tag="035"><subfield code="a">(TxDaGIAL)37741100021971</subfield></datafield><controlfield tag="005">20080624162052.0</controlfield><controlfield tag="001">9923</controlfield><controlfield tag="003">TxDaGIAL</controlfield><datafield ind1=" " ind2=" " tag="852"><subfield code="p">37741100021971</subfield><subfield code="a">Library</subfield><subfield code="9">$13.88</subfield><subfield code="x">FUND:Ling</subfield><subfield code="x">COPYID:11700</subfield><subfield code="x">FSC@aRegular@c19971124</subfield><subfield code="h">495.918 S668t 1995</subfield><subfield code="z">B/T 11-97</subfield></datafield></record>