
<record><leader>00868aam a2200241 a 4500</leader><controlfield tag="008">970520s1996    inu      b    000 0 eng  </controlfield><datafield ind1=" " ind2=" " tag="010"><subfield code="a">   97153189</subfield></datafield><datafield ind1=" " ind2=" " tag="035"><subfield code="a">(CU-UC)11109877</subfield></datafield><datafield ind1=" " ind2=" " tag="040"><subfield code="a">DLC</subfield><subfield code="c">DLC</subfield></datafield><datafield ind1="0" ind2="0" tag="050"><subfield code="a">Z7052</subfield><subfield code="b">.A57 1996</subfield><subfield code="a">PJ6073</subfield></datafield><datafield ind1="0" ind2="0" tag="082"><subfield code="a">016.4927</subfield><subfield code="2">21</subfield></datafield><datafield ind1="1" ind2=" " tag="100"><subfield code="a">Ani, Salman H.</subfield></datafield><datafield ind1="1" ind2="0" tag="245"><subfield code="a">Arabic linguistics bibliography, 1979-1995 /</subfield><subfield code="c">Salman H. Ani, Dilworth D. Parkinson.</subfield></datafield><datafield ind1=" " ind2=" " tag="260"><subfield code="a">Bloomington, Ind. :</subfield><subfield code="b">Indiana University Linguistics Club Publications,</subfield><subfield code="c">1996.</subfield></datafield><datafield ind1=" " ind2=" " tag="300"><subfield code="a">ii, 104 p. ;</subfield><subfield code="c">28 cm.</subfield></datafield><datafield ind1=" " ind2=" " tag="546"><subfield code="a">English.</subfield></datafield><datafield ind1=" " ind2="0" tag="650"><subfield code="a">Arabic language</subfield><subfield code="v">Bibliography.</subfield></datafield><datafield ind1="1" ind2=" " tag="700"><subfield code="a">Parkinson, Dilworth B.,</subfield><subfield code="d">1951-</subfield></datafield><datafield ind1=" " ind2=" " tag="035"><subfield code="a">(TxDaGIAL)37741100021968</subfield></datafield><controlfield tag="005">20080624162053.0</controlfield><controlfield tag="001">9926</controlfield><controlfield tag="003">TxDaGIAL</controlfield><datafield ind1=" " ind2=" " tag="852"><subfield code="p">37741100021968</subfield><subfield code="a">Library</subfield><subfield code="9">$13.00</subfield><subfield code="x">FUND:Ling</subfield><subfield code="x">COPYID:11703</subfield><subfield code="x">FSC@aRegular@c19971128</subfield><subfield code="h">016.4927 A316a 1996</subfield><subfield code="z">IU Linguistics Club 11-97</subfield></datafield></record>