
<record><leader>00967fam a2200265 a 4500</leader><controlfield tag="008">950606s1996    enka     b    001 0 eng  </controlfield><datafield ind1=" " ind2=" " tag="010"><subfield code="a">   95022001</subfield></datafield><datafield ind1=" " ind2=" " tag="020"><subfield code="a">0198235038</subfield></datafield><datafield ind1=" " ind2=" " tag="020"><subfield code="a">0199613559</subfield></datafield><datafield ind1=" " ind2=" " tag="040"><subfield code="a">DLC</subfield><subfield code="c">DLC</subfield><subfield code="d">NIC</subfield></datafield><datafield ind1="0" ind2="0" tag="050"><subfield code="a">PL8502.M381</subfield><subfield code="b">O33 1996</subfield></datafield><datafield ind1="0" ind2="0" tag="082"><subfield code="a">496/.397</subfield><subfield code="2">20</subfield></datafield><datafield ind1="1" ind2=" " tag="100"><subfield code="a">Odden, David Arnold,</subfield><subfield code="d">1954-</subfield></datafield><datafield ind1="1" ind2="4" tag="245"><subfield code="a">The phonology and morphology of Kimatuumbi /</subfield><subfield code="c">David Odden.</subfield></datafield><datafield ind1=" " ind2=" " tag="260"><subfield code="a"> Oxford :</subfield><subfield code="b">Clarendon Press ;</subfield><subfield code="a">New York :</subfield><subfield code="b">Oxford University Press,</subfield><subfield code="c">1996.</subfield></datafield><datafield ind1=" " ind2=" " tag="300"><subfield code="a">xi, 315 p. :</subfield><subfield code="b">ill. ;</subfield><subfield code="c">24 cm.</subfield></datafield><datafield ind1=" " ind2="0" tag="440"><subfield code="a">Phonology of the world's languages</subfield></datafield><datafield ind1=" " ind2=" " tag="504"><subfield code="a">Includes bibliographical references (p. &lt;308&gt;-311) and index.</subfield></datafield><datafield ind1=" " ind2="0" tag="650"><subfield code="a">Matumbi language</subfield><subfield code="x">Phonology.</subfield></datafield><datafield ind1=" " ind2="0" tag="650"><subfield code="a">Matumbi language</subfield><subfield code="x">Morphology.</subfield></datafield><datafield ind1=" " ind2=" " tag="035"><subfield code="a">(TxDaGIAL)37741100022083</subfield></datafield><controlfield tag="005">20080624162058.0</controlfield><controlfield tag="001">9940</controlfield><controlfield tag="003">TxDaGIAL</controlfield><datafield ind1=" " ind2=" " tag="852"><subfield code="p">37741100022083</subfield><subfield code="a">Library</subfield><subfield code="9">$69.60</subfield><subfield code="x">FUND:Ling</subfield><subfield code="x">COPYID:11717</subfield><subfield code="x">FSC@aRegular@c19971028</subfield><subfield code="h">496.397 O22p 1996</subfield><subfield code="z">B/T 11-97</subfield></datafield></record>