
<record><leader>01427cam a2200409 a 4500</leader><controlfield tag="008">940125m19941995quc      d   f000 0 eng d</controlfield><datafield ind1=" " ind2=" " tag="010"><subfield code="a">cn 94980046</subfield></datafield><datafield ind1=" " ind2=" " tag="015"><subfield code="a">C94-980046-5</subfield></datafield><datafield ind1=" " ind2=" " tag="020"><subfield code="a">0660140241 (v. 1)</subfield></datafield><datafield ind1=" " ind2=" " tag="020"><subfield code="a">0660140306 (v. 2)</subfield></datafield><datafield ind1=" " ind2=" " tag="035"><subfield code="a">(OCoLC)29913910</subfield></datafield><datafield ind1=" " ind2=" " tag="035"><subfield code="a">AER5025</subfield></datafield><datafield ind1=" " ind2=" " tag="040"><subfield code="a">CaOODP</subfield><subfield code="b">eng</subfield><subfield code="c">NLC</subfield><subfield code="d">TxDaGIAL</subfield></datafield><datafield ind1="0" ind2=" " tag="041"><subfield code="a">engalg</subfield><subfield code="b">fre</subfield></datafield><datafield ind1=" " ind2="0" tag="055"><subfield code="a">PM551 Z5</subfield><subfield code="b">D39 1994</subfield></datafield><datafield ind1=" " ind2="2" tag="055"><subfield code="a">PM551*</subfield></datafield><datafield ind1="0" ind2=" " tag="082"><subfield code="a">497/.3</subfield><subfield code="2">20</subfield></datafield><datafield ind1=" " ind2=" " tag="094"><subfield code="a">abe01</subfield><subfield code="2">ROPAL</subfield></datafield><datafield ind1="1" ind2=" " tag="100"><subfield code="a">Day, Gordon M.</subfield></datafield><datafield ind1="1" ind2="0" tag="245"><subfield code="a">Western Abenaki dictionary /</subfield><subfield code="c">by Gordon M. Day.</subfield></datafield><datafield ind1=" " ind2=" " tag="260"><subfield code="a">Hull, Quebec :</subfield><subfield code="b">Canadian Museum of Civilization,</subfield><subfield code="c">c1994-c1995.</subfield></datafield><datafield ind1=" " ind2=" " tag="300"><subfield code="a">2 v. ;</subfield><subfield code="c">25 cm.</subfield></datafield><datafield ind1=" " ind2="0" tag="440"><subfield code="a">Mercury series,</subfield><subfield code="x">0316-1854</subfield></datafield><datafield ind1="1" ind2=" " tag="490"><subfield code="a">Paper / Canadian Ethnology Service,</subfield><subfield code="x">0316-1862 ;</subfield><subfield code="v">128-129</subfield></datafield><datafield ind1="0" ind2=" " tag="505"><subfield code="a">v. 1. Abenaki-English -- v. 2. English-Abenaki.</subfield></datafield><datafield ind1=" " ind2=" " tag="546"><subfield code="a">Includes abstract in French.</subfield></datafield><datafield ind1=" " ind2=" " tag="590"><subfield code="a">Library owns only v. 2.</subfield></datafield><datafield ind1=" " ind2="0" tag="650"><subfield code="a">Abenaki language</subfield><subfield code="v">Dictionaries</subfield><subfield code="x">English.</subfield></datafield><datafield ind1=" " ind2="6" tag="650"><subfield code="a">Ab&#233;naquis</subfield><subfield code="x">Dictionnaires anglais.</subfield></datafield><datafield ind1="2" ind2="0" tag="710"><subfield code="a">Canadian Museum of Civilization.</subfield></datafield><datafield ind1="2" ind2="0" tag="710"><subfield code="a">Canadian Ethnology Service.</subfield></datafield><datafield ind1=" " ind2="0" tag="830"><subfield code="a">Paper (Canadian Ethnology Service) ;</subfield><subfield code="v">no. 128, etc.</subfield></datafield><datafield ind1=" " ind2=" " tag="035"><subfield code="a">(TxDaGIAL)37741100022141</subfield></datafield><controlfield tag="005">20080624162109.0</controlfield><controlfield tag="001">9984</controlfield><controlfield tag="003">TxDaGIAL</controlfield><datafield ind1=" " ind2=" " tag="852"><subfield code="p">37741100022141</subfield><subfield code="a">Library</subfield><subfield code="9">$30.41</subfield><subfield code="x">FUND:Ling</subfield><subfield code="x">COPYID:11761</subfield><subfield code="x">FSC@aRegular@c19980825</subfield><subfield code="h">497.303 D273w vol.2 1995</subfield><subfield code="z">B/T 11/97</subfield></datafield></record>