
<record><leader>00954pam a2200289 a 4500</leader><controlfield tag="008">870303s1988    enk      b    001 0 eng  </controlfield><datafield ind1=" " ind2=" " tag="010"><subfield code="a">   87006570</subfield></datafield><datafield ind1=" " ind2=" " tag="020"><subfield code="a">0521228093</subfield></datafield><datafield ind1=" " ind2=" " tag="020"><subfield code="a">0521296536 (pbk.)</subfield></datafield><datafield ind1=" " ind2=" " tag="040"><subfield code="a">DLC</subfield><subfield code="c">DLC</subfield><subfield code="d">DLC</subfield></datafield><datafield ind1="0" ind2="0" tag="050"><subfield code="a">PL1075</subfield><subfield code="b">.N67 1988</subfield></datafield><datafield ind1="0" ind2="0" tag="082"><subfield code="a">495.1/09</subfield><subfield code="2">19</subfield></datafield><datafield ind1="1" ind2="0" tag="100"><subfield code="a">Norman, Jerry,</subfield><subfield code="d">1936-</subfield></datafield><datafield ind1="1" ind2="0" tag="245"><subfield code="a">Chinese /</subfield><subfield code="c">Jerry Norman.</subfield></datafield><datafield ind1="0" ind2=" " tag="260"><subfield code="a">Cambridge [Cambridgeshire] ;</subfield><subfield code="a">New York :</subfield><subfield code="b">Cambridge University Press,</subfield><subfield code="c">1988.</subfield></datafield><datafield ind1=" " ind2=" " tag="300"><subfield code="a">xi, 292 p. ;</subfield><subfield code="c">23 cm.</subfield></datafield><datafield ind1=" " ind2="0" tag="440"><subfield code="a">Cambridge language surveys</subfield></datafield><datafield ind1=" " ind2=" " tag="504"><subfield code="a">Bibliography: p. 274-282.</subfield></datafield><datafield ind1=" " ind2=" " tag="500"><subfield code="a">Includes index.</subfield></datafield><datafield ind1=" " ind2="0" tag="650"><subfield code="a">Chinese language</subfield><subfield code="x">History.</subfield></datafield><datafield ind1=" " ind2="0" tag="650"><subfield code="a">Chinese language</subfield><subfield code="x">Dialects.</subfield></datafield><datafield ind1=" " ind2="0" tag="650"><subfield code="a">Chinese language</subfield><subfield code="x">Writing.</subfield></datafield><datafield ind1=" " ind2=" " tag="035"><subfield code="a">(TxDaGIAL)37741100022099</subfield></datafield><controlfield tag="005">20080624162114.0</controlfield><controlfield tag="001">10000</controlfield><controlfield tag="003">TxDaGIAL</controlfield><datafield ind1=" " ind2=" " tag="852"><subfield code="p">37741100022099</subfield><subfield code="a">Library</subfield><subfield code="9">$24.32</subfield><subfield code="x">FUND:Ling</subfield><subfield code="x">COPYID:11778</subfield><subfield code="x">FSC@aRegular@c19971219</subfield><subfield code="h">495.109 N842c 1988</subfield><subfield code="z">B/T 12-97</subfield></datafield></record>