
<record><leader>01000cam a2200277 a 4500</leader><controlfield tag="008">961127s1997    caua     b    001 0 eng  </controlfield><datafield ind1=" " ind2=" " tag="010"><subfield code="a">   96037999</subfield></datafield><datafield ind1=" " ind2=" " tag="020"><subfield code="a">1575860775 (hardback : alk. paper)</subfield></datafield><datafield ind1=" " ind2=" " tag="040"><subfield code="a">DLC</subfield><subfield code="c">DLC</subfield><subfield code="d">DLC</subfield><subfield code="d">TxDaGIAL</subfield></datafield><datafield ind1="0" ind2=" " tag="041"><subfield code="a">engnic</subfield></datafield><datafield ind1="0" ind2="0" tag="050"><subfield code="a">PL8118.D351</subfield><subfield code="b">B63 1997</subfield></datafield><datafield ind1="0" ind2="0" tag="082"><subfield code="a">496/.35</subfield><subfield code="2">21</subfield></datafield><datafield ind1=" " ind2=" " tag="094"><subfield code="a">dga01</subfield><subfield code="2">ROPAL</subfield></datafield><datafield ind1="1" ind2=" " tag="100"><subfield code="a">Bodomo, Adams.</subfield></datafield><datafield ind1="1" ind2="4" tag="245"><subfield code="a">The structure of Dagaare /</subfield><subfield code="c">Adams Bodomo.</subfield></datafield><datafield ind1=" " ind2=" " tag="260"><subfield code="a">Stanford, Calif. :</subfield><subfield code="b">CSLI Publications,</subfield><subfield code="c">c1997.</subfield></datafield><datafield ind1=" " ind2=" " tag="300"><subfield code="a">viii, 159 p. :</subfield><subfield code="b">ill. ;</subfield><subfield code="c">24 cm.</subfield></datafield><datafield ind1=" " ind2="0" tag="440"><subfield code="a">Stanford monographs in African languages</subfield></datafield><datafield ind1=" " ind2=" " tag="546"><subfield code="a">Includes text and words in Dagaare.</subfield></datafield><datafield ind1=" " ind2=" " tag="504"><subfield code="a">Includes bibliographical references (p. [150]-153) and index.</subfield></datafield><datafield ind1=" " ind2="0" tag="650"><subfield code="a">Dagaare language</subfield><subfield code="x">Grammar.</subfield></datafield><datafield ind1=" " ind2=" " tag="035"><subfield code="a">(TxDaGIAL)37741100022171</subfield></datafield><controlfield tag="005">20080624162117.0</controlfield><controlfield tag="001">10009</controlfield><controlfield tag="003">TxDaGIAL</controlfield><datafield ind1=" " ind2=" " tag="852"><subfield code="p">37741100022171</subfield><subfield code="a">Library</subfield><subfield code="9">$31.46</subfield><subfield code="x">FUND:Ling</subfield><subfield code="x">COPYID:11790</subfield><subfield code="x">FSC@aRegular@c19980127</subfield><subfield code="h">496.35 B668s 1997</subfield><subfield code="z">Dir. Cambridge U. Press 1/98</subfield></datafield></record>