
<record><leader>00937cam a2200253 a 4500</leader><controlfield tag="008">961127s1997    caua     b    001 0 eng  </controlfield><datafield ind1=" " ind2=" " tag="010"><subfield code="a">   96038000</subfield></datafield><datafield ind1=" " ind2=" " tag="020"><subfield code="a">1575860767 (hardback : alk. paper)</subfield></datafield><datafield ind1=" " ind2=" " tag="040"><subfield code="a">DLC</subfield><subfield code="c">DLC</subfield><subfield code="d">DLC</subfield><subfield code="d">TxDaGIAL</subfield></datafield><datafield ind1="0" ind2="0" tag="050"><subfield code="a">PL8379.1</subfield><subfield code="b">.M84 1997</subfield></datafield><datafield ind1="0" ind2="0" tag="082"><subfield code="a">496/.39545</subfield><subfield code="2">21</subfield></datafield><datafield ind1=" " ind2=" " tag="094"><subfield code="a">kiu00</subfield><subfield code="2">ROPAL</subfield></datafield><datafield ind1="1" ind2=" " tag="100"><subfield code="a">Mugane, John M.</subfield></datafield><datafield ind1="1" ind2="2" tag="245"><subfield code="a">A paradigmatic grammar of G&#297; k&#361; y&#361; /</subfield><subfield code="c">John M. Mugane.</subfield></datafield><datafield ind1=" " ind2=" " tag="260"><subfield code="a">Stanford, Calif. :</subfield><subfield code="b">CSLI Publications,</subfield><subfield code="c">c1997.</subfield></datafield><datafield ind1=" " ind2=" " tag="300"><subfield code="a">180 p. :</subfield><subfield code="b">ill. ;</subfield><subfield code="c">24 cm.</subfield></datafield><datafield ind1=" " ind2="0" tag="440"><subfield code="a">Stanford monographs in African languages</subfield></datafield><datafield ind1=" " ind2=" " tag="504"><subfield code="a">Includes bibliographical references (p. [175]-177) and index.</subfield></datafield><datafield ind1=" " ind2="0" tag="650"><subfield code="a">Kikuyu language</subfield><subfield code="x">Grammar.</subfield></datafield><datafield ind1=" " ind2=" " tag="035"><subfield code="a">(TxDaGIAL)37741100022183</subfield></datafield><controlfield tag="005">20080624162119.0</controlfield><controlfield tag="001">10015</controlfield><controlfield tag="003">TxDaGIAL</controlfield><datafield ind1=" " ind2=" " tag="852"><subfield code="p">37741100022183</subfield><subfield code="a">Library</subfield><subfield code="9">$31.46</subfield><subfield code="x">FUND:Ling</subfield><subfield code="x">COPYID:11797</subfield><subfield code="x">FSC@aRegular@c19980130</subfield><subfield code="h">496.39545 M951p 1997</subfield><subfield code="z">Dir. Cambride U.Press 01/98</subfield></datafield></record>