
<record><leader>01385cam a2200385 a 4500</leader><controlfield tag="008">941025s1994    mbc      bd   001 0 eng d</controlfield><datafield ind1=" " ind2=" " tag="010"><subfield code="a">   94222593</subfield></datafield><datafield ind1=" " ind2=" " tag="015"><subfield code="a">C94-920177-4</subfield></datafield><datafield ind1=" " ind2=" " tag="020"><subfield code="a">0921064128 :</subfield><subfield code="c">$40.00</subfield></datafield><datafield ind1=" " ind2=" " tag="035"><subfield code="a">(OCoLC)30970936</subfield></datafield><datafield ind1=" " ind2=" " tag="040"><subfield code="a">CaMWU</subfield><subfield code="b">eng</subfield><subfield code="c">CaOONL</subfield><subfield code="d">DLC</subfield></datafield><datafield ind1=" " ind2=" " tag="042"><subfield code="a">lccopycat</subfield></datafield><datafield ind1="0" ind2="0" tag="050"><subfield code="a">PM1195.Z5</subfield><subfield code="b">B43 1994</subfield></datafield><datafield ind1=" " ind2="0" tag="055"><subfield code="a">PM1195 Z5</subfield><subfield code="b">B4 1994 fol.</subfield></datafield><datafield ind1=" " ind2="2" tag="055"><subfield code="a">PM1195*</subfield></datafield><datafield ind1="0" ind2="0" tag="082"><subfield code="a">497/.3</subfield><subfield code="2">20</subfield></datafield><datafield ind1="0" ind2="4" tag="082"><subfield code="a">497/.3</subfield><subfield code="2">21</subfield></datafield><datafield ind1="1" ind2=" " tag="100"><subfield code="a">Bloomfield, Leonard,</subfield><subfield code="d">1887-1949.</subfield></datafield><datafield ind1="1" ind2="0" tag="245"><subfield code="a">Leonard Bloomfield's Fox lexicon /</subfield><subfield code="c">[edited by] Ives Goddard.</subfield></datafield><datafield ind1=" " ind2=" " tag="250"><subfield code="a">Critical ed.</subfield></datafield><datafield ind1=" " ind2=" " tag="260"><subfield code="a">Winnipeg :</subfield><subfield code="b">Algonquian and Iroquoian Linguistics,</subfield><subfield code="c">1994.</subfield></datafield><datafield ind1=" " ind2=" " tag="300"><subfield code="a">296 p. ;</subfield><subfield code="c">28 cm.</subfield></datafield><datafield ind1="1" ind2=" " tag="490"><subfield code="a">Algonquian and Iroquoian linguistics</subfield><subfield code="p">Memoir ;</subfield><subfield code="v">12</subfield></datafield><datafield ind1=" " ind2=" " tag="504"><subfield code="a">Includes bibliographical references and index.</subfield></datafield><datafield ind1=" " ind2="0" tag="650"><subfield code="a">Fox language</subfield><subfield code="v">Dictionaries</subfield><subfield code="x">English.</subfield></datafield><datafield ind1=" " ind2="0" tag="650"><subfield code="a">English language</subfield><subfield code="v">Dictionaries</subfield><subfield code="x">Fox.</subfield></datafield><datafield ind1=" " ind2="6" tag="650"><subfield code="a">Fox (Langue)</subfield><subfield code="x">Dictionnaires anglais.</subfield></datafield><datafield ind1=" " ind2="6" tag="650"><subfield code="a">Anglais (Langue)</subfield><subfield code="x">Dictionnaires fox.</subfield></datafield><datafield ind1="1" ind2=" " tag="700"><subfield code="a">Goddard, Ives,</subfield><subfield code="d">1941-</subfield></datafield><datafield ind1=" " ind2="0" tag="830"><subfield code="a">Algonquian and Iroquoian linguistics</subfield><subfield code="v">12.</subfield></datafield><datafield ind1=" " ind2=" " tag="035"><subfield code="a">(TxDaGIAL)37741100022218</subfield></datafield><controlfield tag="005">20080624162123.0</controlfield><controlfield tag="001">10031</controlfield><controlfield tag="003">TxDaGIAL</controlfield><datafield ind1=" " ind2=" " tag="852"><subfield code="p">37741100022218</subfield><subfield code="a">Library</subfield><subfield code="9">$34.37</subfield><subfield code="x">FUND:Ling</subfield><subfield code="x">COPYID:11815</subfield><subfield code="x">FSC@aRegular@c19980202</subfield><subfield code="h">497.3 B655L 1994</subfield><subfield code="z">Dir. Coutts Library Services 12/97</subfield></datafield></record>