
<record><leader>00976cam a2200265 a 4500</leader><controlfield tag="008">900217s1988    mbc      b    000 0 eng  </controlfield><datafield ind1=" " ind2=" " tag="010"><subfield code="a">   89182945 //r92</subfield></datafield><datafield ind1=" " ind2=" " tag="020"><subfield code="a">0921064063</subfield></datafield><datafield ind1=" " ind2=" " tag="040"><subfield code="a">DLC</subfield><subfield code="c">DLC</subfield><subfield code="d">DLC</subfield></datafield><datafield ind1="0" ind2=" " tag="041"><subfield code="a">engalg</subfield></datafield><datafield ind1="0" ind2="0" tag="050"><subfield code="a">PM1526.Z5</subfield><subfield code="b">V6 1988</subfield></datafield><datafield ind1="0" ind2="4" tag="082"><subfield code="a">497.3</subfield><subfield code="2">21</subfield></datafield><datafield ind1="1" ind2="0" tag="100"><subfield code="a">Voorhis, Paul H.</subfield></datafield><datafield ind1="1" ind2="0" tag="245"><subfield code="a">Kickapoo vocabulary /</subfield><subfield code="c">Paul H. Voorhis.</subfield></datafield><datafield ind1="0" ind2=" " tag="260"><subfield code="a">Winnipeg, Man., Canada :</subfield><subfield code="b">Algonquian and Iroquoian Linguistics,</subfield><subfield code="c">1988.</subfield></datafield><datafield ind1=" " ind2=" " tag="300"><subfield code="a">205 p. ;</subfield><subfield code="c">28 cm.</subfield></datafield><datafield ind1="1" ind2=" " tag="490"><subfield code="a">Algonquian and Iroquoian linguistics.</subfield><subfield code="p">Memoir ;</subfield><subfield code="v">6</subfield></datafield><datafield ind1=" " ind2=" " tag="504"><subfield code="a">Includes bibliographical references (p. 205).</subfield></datafield><datafield ind1=" " ind2="0" tag="650"><subfield code="a">Kickapoo language</subfield><subfield code="v">Glossaries, vocabularies, etc.</subfield></datafield><datafield ind1=" " ind2="0" tag="830"><subfield code="a">Algonquian and Iroquoian linguistics.</subfield><subfield code="v">6.</subfield></datafield><datafield ind1=" " ind2=" " tag="035"><subfield code="a">(TxDaGIAL)37741100022219</subfield></datafield><controlfield tag="005">20080624162123.0</controlfield><controlfield tag="001">10032</controlfield><controlfield tag="003">TxDaGIAL</controlfield><datafield ind1=" " ind2=" " tag="852"><subfield code="p">37741100022219</subfield><subfield code="a">Library</subfield><subfield code="9">$23.68</subfield><subfield code="x">FUND:Ling</subfield><subfield code="x">COPYID:11816</subfield><subfield code="x">FSC@aRegular@c19980202</subfield><subfield code="h">497.3 V951k 1988</subfield><subfield code="z">Dir. Coutts Library Services 12/97</subfield></datafield></record>