
<record><leader>01323cam a2200361 a 4500</leader><controlfield tag="008">950523s1995    mbca     b    000 0 eng d</controlfield><datafield ind1=" " ind2=" " tag="010"><subfield code="a">cn 95920112</subfield></datafield><datafield ind1=" " ind2=" " tag="015"><subfield code="a">C95-9201122</subfield></datafield><datafield ind1=" " ind2=" " tag="020"><subfield code="a">092109809X</subfield></datafield><datafield ind1=" " ind2=" " tag="035"><subfield code="a">(OCoLC)32741831</subfield></datafield><datafield ind1=" " ind2=" " tag="040"><subfield code="a">CaMWU</subfield><subfield code="b">eng</subfield><subfield code="c">NLC</subfield><subfield code="d">AZU</subfield><subfield code="d">TxDaGIAL</subfield></datafield><datafield ind1="0" ind2="4" tag="082"><subfield code="a">497/.3/5</subfield><subfield code="2">21</subfield></datafield><datafield ind1=" " ind2=" " tag="094"><subfield code="a">alg00</subfield><subfield code="2">ROPAL</subfield></datafield><datafield ind1="1" ind2=" " tag="100"><subfield code="a">Dahlstrom, Amy.</subfield></datafield><datafield ind1="1" ind2="0" tag="245"><subfield code="a">Topic, focus and other word order problems in Algonquian /</subfield><subfield code="c">by Amy Dahlstrom.</subfield></datafield><datafield ind1=" " ind2=" " tag="260"><subfield code="a">Winnipeg :</subfield><subfield code="b">Voices of Rupert's Land,</subfield><subfield code="c">1995.</subfield></datafield><datafield ind1=" " ind2=" " tag="300"><subfield code="a">27 p. ;</subfield><subfield code="c">22 cm.</subfield></datafield><datafield ind1="1" ind2=" " tag="490"><subfield code="a">The Belcourt lecture.</subfield></datafield><datafield ind1=" " ind2=" " tag="504"><subfield code="a">Includes bibliographical references (p. 26-27).</subfield></datafield><datafield ind1=" " ind2=" " tag="500"><subfield code="a">"Delivered before the University of Manitoba on 25 February 1994" -- T.p.</subfield></datafield><datafield ind1=" " ind2="0" tag="650"><subfield code="a">Algonquian languages</subfield><subfield code="x">Syntax.</subfield></datafield><datafield ind1=" " ind2="0" tag="650"><subfield code="a">Algonquian languages</subfield><subfield code="x">Sentences.</subfield></datafield><datafield ind1=" " ind2="0" tag="650"><subfield code="a">Algonquian languages</subfield><subfield code="x">Word order.</subfield></datafield><datafield ind1=" " ind2="0" tag="650"><subfield code="a">Fox language</subfield><subfield code="x">Syntax.</subfield></datafield><datafield ind1=" " ind2="0" tag="650"><subfield code="a">Fox language</subfield><subfield code="x">Sentences.</subfield></datafield><datafield ind1=" " ind2="0" tag="650"><subfield code="a">Fox language</subfield><subfield code="x">Word order.</subfield></datafield><datafield ind1="2" ind2=" " tag="710"><subfield code="a">Voices of Rupert's Land (Association)</subfield></datafield><datafield ind1=" " ind2="0" tag="830"><subfield code="a">Belcourt lecture.</subfield></datafield><datafield ind1=" " ind2=" " tag="035"><subfield code="a">(TxDaGIAL)37741100022315</subfield></datafield><controlfield tag="005">20080624162128.0</controlfield><controlfield tag="001">10046</controlfield><controlfield tag="003">TxDaGIAL</controlfield><datafield ind1=" " ind2=" " tag="852"><subfield code="p">37741100022315</subfield><subfield code="a">Library</subfield><subfield code="9">$8.02</subfield><subfield code="x">FUND:Ling</subfield><subfield code="x">COPYID:11832</subfield><subfield code="x">FSC@aRegular@c19980226</subfield><subfield code="h">497.35 D131t 1995</subfield><subfield code="z">Dir. Coutts Library Services 12/97</subfield></datafield></record>