
<record><leader>01179cam a2200325 a 4500</leader><controlfield tag="008">960308s1996    mbc      b    000 0 eng d</controlfield><datafield ind1=" " ind2=" " tag="010"><subfield code="a">cn 96920029</subfield></datafield><datafield ind1=" " ind2=" " tag="015"><subfield code="a">C96-920029-3</subfield></datafield><datafield ind1=" " ind2=" " tag="020"><subfield code="a">0921098103</subfield></datafield><datafield ind1=" " ind2=" " tag="035"><subfield code="a">(OCoLC)35928116</subfield></datafield><datafield ind1=" " ind2=" " tag="040"><subfield code="a">CaMWU</subfield><subfield code="b">eng</subfield><subfield code="c">NLC</subfield><subfield code="d">AZU</subfield><subfield code="d">TxDaGIAL</subfield></datafield><datafield ind1="0" ind2="4" tag="082"><subfield code="a">497/.9/5</subfield><subfield code="2">21</subfield></datafield><datafield ind1=" " ind2=" " tag="094"><subfield code="a">kun00</subfield><subfield code="2">ROPAL</subfield></datafield><datafield ind1="1" ind2=" " tag="100"><subfield code="a">Dryer, Matthew S.</subfield></datafield><datafield ind1="1" ind2="0" tag="245"><subfield code="a">Grammatical relations in Ktunaxa (Kutenai) /</subfield><subfield code="c">by Matthew S. Dryer.</subfield></datafield><datafield ind1=" " ind2=" " tag="260"><subfield code="a">Winnipeg :</subfield><subfield code="b">Voices of Rupert's Land,</subfield><subfield code="c">1996.</subfield></datafield><datafield ind1=" " ind2=" " tag="300"><subfield code="a">43 p. ;</subfield><subfield code="c">22 cm.</subfield></datafield><datafield ind1="1" ind2=" " tag="490"><subfield code="a">The Belcourt lecture.</subfield></datafield><datafield ind1=" " ind2=" " tag="500"><subfield code="a">"Delivered before the University of Manitoba on 24 February, 1995" -- T.p.</subfield></datafield><datafield ind1=" " ind2=" " tag="504"><subfield code="a">Includes bibliographical references.</subfield></datafield><datafield ind1=" " ind2="0" tag="650"><subfield code="a">Kutenai language</subfield><subfield code="x">Grammar.</subfield></datafield><datafield ind1=" " ind2="0" tag="650"><subfield code="a">Algonquian languages</subfield><subfield code="x">Grammar.</subfield></datafield><datafield ind1=" " ind2="0" tag="650"><subfield code="a">Grammar, Comparative and general.</subfield></datafield><datafield ind1="2" ind2=" " tag="710"><subfield code="a">Voices of Rupert's Land (Association)</subfield></datafield><datafield ind1=" " ind2="0" tag="830"><subfield code="a">Belcourt lecture.</subfield></datafield><datafield ind1=" " ind2=" " tag="035"><subfield code="a">(TxDaGIAL)37741100022316</subfield></datafield><controlfield tag="005">20080624162128.0</controlfield><controlfield tag="001">10047</controlfield><controlfield tag="003">TxDaGIAL</controlfield><datafield ind1=" " ind2=" " tag="852"><subfield code="p">37741100022316</subfield><subfield code="a">Library</subfield><subfield code="9">$8.02</subfield><subfield code="x">FUND:Ling</subfield><subfield code="x">COPYID:11833</subfield><subfield code="x">FSC@aRegular@c19980226</subfield><subfield code="h">497.95 D799g 1996</subfield><subfield code="z">Dir. Coutts Library Services 12/97</subfield></datafield></record>