
<record><leader>00938nam a2200205 a 4500</leader><controlfield tag="008">960206s1993    ne a     b    000 0 eng d</controlfield><datafield ind1=" " ind2=" " tag="040"><subfield code="a">TxDaGIAL</subfield><subfield code="c">TxDaGIAL</subfield></datafield><datafield ind1="1" ind2=" " tag="100"><subfield code="a">Jacobsen, William H.</subfield></datafield><datafield ind1="1" ind2="0" tag="245"><subfield code="a">Subordination and cosubordination in Nootka :</subfield><subfield code="b">clause combining in a polysynthetic verb-initial language /</subfield><subfield code="c">William H. Jacobsen, Jr.</subfield></datafield><datafield ind1=" " ind2=" " tag="260"><subfield code="a">Amsterdam ;</subfield><subfield code="a">Philadelphia :</subfield><subfield code="b">John Benjamins,</subfield><subfield code="c">1993.</subfield></datafield><datafield ind1=" " ind2=" " tag="300"><subfield code="a">p. [235]-274 :</subfield><subfield code="b">ill. ;</subfield><subfield code="c">22 cm.</subfield></datafield><datafield ind1=" " ind2=" " tag="504"><subfield code="a">Bibliography: p. 271-274.</subfield></datafield><datafield ind1=" " ind2=" " tag="500"><subfield code="a">Offprint: Van Valin, Robert D., ed., Advances in role and reference grammar, (Current issues in linguistic theory, vol. 82):235-274, l993.</subfield></datafield><datafield ind1=" " ind2="0" tag="650"><subfield code="a">Nootka language</subfield><subfield code="x">Clauses.</subfield></datafield><datafield ind1=" " ind2="0" tag="650"><subfield code="a">Clause combining.</subfield></datafield><datafield ind1=" " ind2=" " tag="035"><subfield code="a">(TxDaGIAL)37741400000002</subfield></datafield><controlfield tag="005">20080624162136.0</controlfield><controlfield tag="001">10075</controlfield><controlfield tag="003">TxDaGIAL</controlfield><datafield ind1=" " ind2=" " tag="852"><subfield code="p">37741400000002</subfield><subfield code="a">Library</subfield><subfield code="b">James E. Redden Coll</subfield><subfield code="9">$0.00</subfield><subfield code="x">COPYID:11865</subfield><subfield code="x">FSC@aVertFile@c19960206</subfield><subfield code="h">FILE</subfield><subfield code="z">Gift James E. Redden 6-94</subfield></datafield></record>