
<record><leader>00724nam a2200193 a 4500</leader><controlfield tag="008">960206s1995    ne a     b    000 0 eng d</controlfield><datafield ind1=" " ind2=" " tag="040"><subfield code="a">TxDaGIAL</subfield><subfield code="c">TxDaGIAL</subfield></datafield><datafield ind1="1" ind2=" " tag="100"><subfield code="a">Casali, Roderic F.,</subfield><subfield code="d">1957-</subfield></datafield><datafield ind1="1" ind2="0" tag="245"><subfield code="a">Labial opacity and roundness harmony in Nawuri /</subfield><subfield code="c">Roderic F. Casali.</subfield></datafield><datafield ind1=" " ind2=" " tag="260"><subfield code="a">Dordrecht :</subfield><subfield code="b">Kluwer Academic Publishers,</subfield><subfield code="c">c1995.</subfield></datafield><datafield ind1=" " ind2=" " tag="300"><subfield code="a">p. [649]-663 :</subfield><subfield code="b">ill. ;</subfield><subfield code="c">24 cm.</subfield></datafield><datafield ind1=" " ind2=" " tag="504"><subfield code="a">Bibliography: p. 662-663.</subfield></datafield><datafield ind1=" " ind2=" " tag="500"><subfield code="a">Offprint: Natural language and linguistic theory 13:649-633, 1995.</subfield></datafield><datafield ind1=" " ind2="0" tag="650"><subfield code="a">Nawuri language</subfield><subfield code="x">Labiality.</subfield></datafield><datafield ind1=" " ind2=" " tag="035"><subfield code="a">(TxDaGIAL)37741400000009</subfield></datafield><controlfield tag="005">20080624162137.0</controlfield><controlfield tag="001">10077</controlfield><controlfield tag="003">TxDaGIAL</controlfield><datafield ind1=" " ind2=" " tag="852"><subfield code="p">37741400000009</subfield><subfield code="a">Library</subfield><subfield code="9">$0.00</subfield><subfield code="x">COPYID:11867</subfield><subfield code="x">FSC@aVertFile@c19960206</subfield><subfield code="h">FILE</subfield></datafield></record>