
<record><leader>00889nam a2200217 a 4500</leader><controlfield tag="008">960213s1971    bl a     b    000 0 eng d</controlfield><datafield ind1=" " ind2=" " tag="040"><subfield code="a">TxDaGIAL</subfield><subfield code="c">TxDaGIAL</subfield></datafield><datafield ind1="1" ind2=" " tag="100"><subfield code="a">Gudschinsky, Sarah C.</subfield><subfield code="q">(Sarah Caroline)</subfield></datafield><datafield ind1="1" ind2="0" tag="245"><subfield code="a">Ofai&#233;-xav&#225;nte :</subfield><subfield code="b">a J&#234; language /</subfield><subfield code="c">Sarah C. Gudschinsky.</subfield></datafield><datafield ind1=" " ind2=" " tag="260"><subfield code="a">[Bras&#237;lia] :</subfield><subfield code="b">Summer Institute of Linguistics (Instituto Linguistico de Verao),</subfield><subfield code="c">1971.</subfield></datafield><datafield ind1=" " ind2=" " tag="300"><subfield code="a">p. 1-16 :</subfield><subfield code="b">ill. ;</subfield><subfield code="c">22 cm.</subfield></datafield><datafield ind1=" " ind2=" " tag="504"><subfield code="a">Bibliography: p. 14-16.</subfield></datafield><datafield ind1=" " ind2=" " tag="500"><subfield code="a">Offprint: Estudos s&#244;bre l&#237;nguas e cultural ind&#237;genas, edi&#231;ao especial trabalhos lingu&#237;sticos realizados no Brasil: 1-16, l971.</subfield></datafield><datafield ind1=" " ind2=" " tag="500"><subfield code="a">Introduction in Portuguese.</subfield></datafield><datafield ind1=" " ind2="0" tag="650"><subfield code="a">Xavante language.</subfield></datafield><datafield ind1=" " ind2="0" tag="650"><subfield code="a">G&#234; languages.</subfield></datafield><datafield ind1=" " ind2=" " tag="035"><subfield code="a">(TxDaGIAL)37741400000093</subfield></datafield><controlfield tag="005">20080624162143.0</controlfield><controlfield tag="001">10130</controlfield><controlfield tag="003">TxDaGIAL</controlfield><datafield ind1=" " ind2=" " tag="852"><subfield code="p">37741400000093</subfield><subfield code="a">Library</subfield><subfield code="9">$0.00</subfield><subfield code="x">COPYID:11921</subfield><subfield code="x">FSC@aVertFile@c19960212</subfield><subfield code="h">FILE</subfield></datafield></record>