
<record><leader>00758nam a2200193 a 4500</leader><controlfield tag="008">960214s1971    ne a     b    000 0 eng d</controlfield><datafield ind1=" " ind2=" " tag="040"><subfield code="a">TxDaGIAL</subfield><subfield code="c">TxDaGIAL</subfield></datafield><datafield ind1="1" ind2=" " tag="100"><subfield code="a">Law, Howard W.</subfield></datafield><datafield ind1="1" ind2="0" tag="245"><subfield code="a">Rank fused person morphemes and matrix methodology in Arapaho (Algonkin) /</subfield><subfield code="c">Howard W. Law.</subfield></datafield><datafield ind1=" " ind2=" " tag="260"><subfield code="a">[The Hague] :</subfield><subfield code="b">Mouton,</subfield><subfield code="c">1971.</subfield></datafield><datafield ind1=" " ind2=" " tag="300"><subfield code="a">p. [5]-30 :</subfield><subfield code="b">ill. ;</subfield><subfield code="c">24 cm.</subfield></datafield><datafield ind1=" " ind2=" " tag="504"><subfield code="a">Includes bibliographical references.</subfield></datafield><datafield ind1=" " ind2=" " tag="500"><subfield code="a">Offprint: Linguistics, an international review 75:5-30, 1971.</subfield></datafield><datafield ind1=" " ind2="0" tag="650"><subfield code="a">Arapaho language</subfield><subfield code="x">Grammar.</subfield></datafield><datafield ind1=" " ind2=" " tag="035"><subfield code="a">(TxDaGIAL)37741400000128</subfield></datafield><controlfield tag="005">20080624162146.0</controlfield><controlfield tag="001">10158</controlfield><controlfield tag="003">TxDaGIAL</controlfield><datafield ind1=" " ind2=" " tag="852"><subfield code="p">37741400000128</subfield><subfield code="a">Library</subfield><subfield code="b">Kenneth L. Pike Coll</subfield><subfield code="9">$0.00</subfield><subfield code="x">COPYID:11949</subfield><subfield code="x">FSC@aVertFile@c19960212</subfield><subfield code="h">FILE</subfield><subfield code="z">Gift Kenneth Pike</subfield></datafield></record>