
<record><leader>00805nam a2200205 a 4500</leader><controlfield tag="008">960214s1985    ohu      b    000 0 eng d</controlfield><datafield ind1=" " ind2=" " tag="040"><subfield code="a">TxDaGIAL</subfield><subfield code="c">TxDaGIAL</subfield></datafield><datafield ind1="1" ind2=" " tag="100"><subfield code="a">Levin, Jules F.</subfield></datafield><datafield ind1="1" ind2="0" tag="245"><subfield code="a">Sweet's mysterious Russian informant :</subfield><subfield code="b">an investigation /</subfield><subfield code="c">Jules F. Levin.</subfield></datafield><datafield ind1=" " ind2=" " tag="260"><subfield code="a">[Columbus, Ohio :</subfield><subfield code="b">Slavica Pub.],</subfield><subfield code="c">1985.</subfield></datafield><datafield ind1=" " ind2=" " tag="300"><subfield code="a">p. 241-255 ;</subfield><subfield code="c">23 cm.</subfield></datafield><datafield ind1=" " ind2=" " tag="504"><subfield code="a">Bibliography: p. 254-255.</subfield></datafield><datafield ind1=" " ind2=" " tag="500"><subfield code="a">Offprint: International journal of Slavic linguistics and poetics 31-32:241-255, 1985.</subfield></datafield><datafield ind1=" " ind2="0" tag="650"><subfield code="a">Russian language</subfield><subfield code="x">Dialects.</subfield></datafield><datafield ind1="1" ind2="0" tag="600"><subfield code="a">Sweet, Henry,</subfield><subfield code="d">1845-1912.</subfield></datafield><datafield ind1=" " ind2=" " tag="035"><subfield code="a">(TxDaGIAL)37741400000132</subfield></datafield><controlfield tag="005">20080624162146.0</controlfield><controlfield tag="001">10162</controlfield><controlfield tag="003">TxDaGIAL</controlfield><datafield ind1=" " ind2=" " tag="852"><subfield code="p">37741400000132</subfield><subfield code="a">Library</subfield><subfield code="b">Kenneth L. Pike Coll</subfield><subfield code="9">$0.00</subfield><subfield code="x">COPYID:11953</subfield><subfield code="x">FSC@aVertFile@c19960212</subfield><subfield code="h">FILE</subfield><subfield code="z">Gift Kenneth Pike</subfield></datafield></record>