
<record><leader>00834nam a2200193 a 4500</leader><controlfield tag="008">960219s1976    miua     b    000 0 eng d</controlfield><datafield ind1=" " ind2=" " tag="040"><subfield code="a">TxDaGIAL</subfield><subfield code="c">TxDaGIAL</subfield></datafield><datafield ind1="1" ind2=" " tag="100"><subfield code="a">McCarus, Ernest N.</subfield><subfield code="q">(Ernest Nasseph),</subfield><subfield code="d">1922-</subfield></datafield><datafield ind1="1" ind2="2" tag="245"><subfield code="a">A semantic analysis of Arabic verbs /</subfield><subfield code="c">Ernest N. McCarus.</subfield></datafield><datafield ind1=" " ind2=" " tag="260"><subfield code="a">Ann Arbor, Mich. :</subfield><subfield code="b">The University of Michigan. Department of Near Eastern Studies,</subfield><subfield code="c">1976.</subfield></datafield><datafield ind1=" " ind2=" " tag="300"><subfield code="a">28 p. :</subfield><subfield code="b">ill. ;</subfield><subfield code="c">23 cm.</subfield></datafield><datafield ind1=" " ind2=" " tag="504"><subfield code="a">Bibliography: p. 27-28.</subfield></datafield><datafield ind1=" " ind2=" " tag="500"><subfield code="a">Offprint: Orlin, Louis L., ed., Michigan Oriental studies in honor of George G. Cameron: 3-28, 1976.</subfield></datafield><datafield ind1=" " ind2="0" tag="650"><subfield code="a">Arabic language</subfield><subfield code="x">Verb.</subfield></datafield><datafield ind1=" " ind2=" " tag="035"><subfield code="a">(TxDaGIAL)37741400000145</subfield></datafield><controlfield tag="005">20080624162147.0</controlfield><controlfield tag="001">10173</controlfield><controlfield tag="003">TxDaGIAL</controlfield><datafield ind1=" " ind2=" " tag="852"><subfield code="p">37741400000145</subfield><subfield code="a">Library</subfield><subfield code="b">Kenneth L. Pike Coll</subfield><subfield code="9">$0.00</subfield><subfield code="x">COPYID:11965</subfield><subfield code="x">FSC@aVertFile@c19960219</subfield><subfield code="h">FILE</subfield><subfield code="z">Gift Kenneth Pike</subfield></datafield></record>