
<record><leader>00825nam a2200205 a 4500</leader><controlfield tag="008">960219s1982    enka     b    000 0 eng d</controlfield><datafield ind1=" " ind2=" " tag="040"><subfield code="a">TxDaGIAL</subfield><subfield code="c">TxDaGIAL</subfield></datafield><datafield ind1="1" ind2=" " tag="100"><subfield code="a">Miller, Jennifer.</subfield></datafield><datafield ind1="1" ind2="0" tag="245"><subfield code="a">Aspects of Hausa intonation, 2 :</subfield><subfield code="b">continuous text /</subfield><subfield code="c">Jennifer Miller and Paul Tench.</subfield></datafield><datafield ind1=" " ind2=" " tag="260"><subfield code="a">[Leeds, Kent, England :</subfield><subfield code="b">International Phonetic Association,</subfield><subfield code="c">1982]</subfield></datafield><datafield ind1=" " ind2=" " tag="300"><subfield code="a">p. [78]-93 :</subfield><subfield code="b">ill. ;</subfield><subfield code="c">22 cm.</subfield></datafield><datafield ind1=" " ind2=" " tag="504"><subfield code="a">Bibliography: p. 93.</subfield></datafield><datafield ind1=" " ind2=" " tag="500"><subfield code="a">Offprint: Journal of the International Phonetic Association 12(2):78-93, 1982.</subfield></datafield><datafield ind1=" " ind2="0" tag="650"><subfield code="a">Hausa language</subfield><subfield code="x">Intonation.</subfield></datafield><datafield ind1="1" ind2="0" tag="700"><subfield code="a">Tench, Paul.</subfield></datafield><datafield ind1=" " ind2=" " tag="035"><subfield code="a">(TxDaGIAL)37741400000148</subfield></datafield><controlfield tag="005">20080624162147.0</controlfield><controlfield tag="001">10176</controlfield><controlfield tag="003">TxDaGIAL</controlfield><datafield ind1=" " ind2=" " tag="852"><subfield code="p">37741400000148</subfield><subfield code="a">Library</subfield><subfield code="b">Kenneth L. Pike Coll</subfield><subfield code="9">$0.00</subfield><subfield code="x">COPYID:11968</subfield><subfield code="x">FSC@aVertFile@c19960219</subfield><subfield code="h">FILE</subfield><subfield code="z">Gift Kenneth Pike</subfield></datafield></record>