
<record><leader>00774nam a2200193 a 4500</leader><controlfield tag="008">960220s1994    ne       b    000 0 eng d</controlfield><datafield ind1=" " ind2=" " tag="040"><subfield code="a">TxDaGIAL</subfield><subfield code="c">TxDaGIAL</subfield></datafield><datafield ind1="1" ind2=" " tag="100"><subfield code="a">Peeke, M. Catherine.</subfield></datafield><datafield ind1="1" ind2="0" tag="245"><subfield code="a">Waorani /</subfield><subfield code="c">C. Peeke.</subfield></datafield><datafield ind1=" " ind2=" " tag="260"><subfield code="a">Amsterdam ;</subfield><subfield code="a">Philadelphia :</subfield><subfield code="b">John Benjamins,</subfield><subfield code="c">c1994.</subfield></datafield><datafield ind1=" " ind2=" " tag="300"><subfield code="a">p. [267]-290 ;</subfield><subfield code="c">22 cm.</subfield></datafield><datafield ind1=" " ind2=" " tag="504"><subfield code="a">Bibliography: p. 289-290.</subfield></datafield><datafield ind1=" " ind2=" " tag="500"><subfield code="a">Offprint: Kahrel, Peter and Ren&#233; van den Berg, eds., Typological studies in negation (Typological studies in language 29):267-290, 1994.</subfield></datafield><datafield ind1=" " ind2="0" tag="650"><subfield code="a">Huao language</subfield><subfield code="x">Grammar.</subfield></datafield><datafield ind1=" " ind2=" " tag="035"><subfield code="a">(TxDaGIAL)37741400000171</subfield></datafield><controlfield tag="005">20080624162148.0</controlfield><controlfield tag="001">10194</controlfield><controlfield tag="003">TxDaGIAL</controlfield><datafield ind1=" " ind2=" " tag="852"><subfield code="p">37741400000171</subfield><subfield code="a">Library</subfield><subfield code="b">Kenneth L. Pike Coll</subfield><subfield code="9">$0.00</subfield><subfield code="x">COPYID:11986</subfield><subfield code="x">FSC@aVertFile@c19960219</subfield><subfield code="h">FILE</subfield><subfield code="z">Gift Kenneth Pike</subfield></datafield></record>