
<record><leader>00670nam a2200181 a 4500</leader><controlfield tag="008">960220s1953    xx a          000 0 eng d</controlfield><datafield ind1=" " ind2=" " tag="040"><subfield code="a">TxDaGIAL</subfield><subfield code="c">TxDaGIAL</subfield></datafield><datafield ind1="1" ind2=" " tag="100"><subfield code="a">Pike, Kenneth Lee,</subfield><subfield code="d">1912-</subfield></datafield><datafield ind1="1" ind2="0" tag="245"><subfield code="a">Intonational analysis of a Rumanian sentence /</subfield><subfield code="c">Kenneth L. Pike.</subfield></datafield><datafield ind1=" " ind2=" " tag="260"><subfield code="c">1953.</subfield></datafield><datafield ind1=" " ind2=" " tag="300"><subfield code="a">p. 59-60 :</subfield><subfield code="b">ill. ;</subfield><subfield code="c">25 cm.</subfield></datafield><datafield ind1=" " ind2=" " tag="500"><subfield code="a">Photocopy from: Cahiers sextil puscariu 2(1):59-60, 1953.</subfield></datafield><datafield ind1=" " ind2="0" tag="650"><subfield code="a">Romanian language</subfield><subfield code="x">Intonation.</subfield></datafield><datafield ind1=" " ind2=" " tag="035"><subfield code="a">(TxDaGIAL)37741400000178</subfield></datafield><controlfield tag="005">20080624162149.0</controlfield><controlfield tag="001">10196</controlfield><controlfield tag="003">TxDaGIAL</controlfield><datafield ind1=" " ind2=" " tag="852"><subfield code="p">37741400000178</subfield><subfield code="a">Library</subfield><subfield code="b">Kenneth L. Pike Coll</subfield><subfield code="9">$0.00</subfield><subfield code="x">COPYID:11988</subfield><subfield code="x">FSC@aVertFile@c19960219</subfield><subfield code="h">FILE</subfield><subfield code="z">Gift Kenneth Pike 9-91</subfield></datafield></record>