
<record><leader>00765nam a2200205 a 4500</leader><controlfield tag="008">960220s1994    nr a     b    000 0 eng d</controlfield><datafield ind1=" " ind2=" " tag="040"><subfield code="a">TxDaGIAL</subfield><subfield code="c">TxDaGIAL</subfield></datafield><datafield ind1="1" ind2=" " tag="100"><subfield code="a">Pike, Eunice V.</subfield></datafield><datafield ind1="1" ind2="4" tag="245"><subfield code="a">The phonology of J&#243;ola H&#250;luf /</subfield><subfield code="c">Eunice Pike and Bernard Diatta.</subfield></datafield><datafield ind1=" " ind2=" " tag="260"><subfield code="a">[Ibadan, Nigeria :</subfield><subfield code="b">West African Linguistic Society],</subfield><subfield code="c">1994.</subfield></datafield><datafield ind1=" " ind2=" " tag="300"><subfield code="a">p. 77-84 :</subfield><subfield code="b">ill. ;</subfield><subfield code="c">25 cm.</subfield></datafield><datafield ind1=" " ind2=" " tag="504"><subfield code="a">Bibliography: p. 84.</subfield></datafield><datafield ind1=" " ind2=" " tag="500"><subfield code="a">Offprint: Journal of West African languages 24(2):77-84, 1994.</subfield></datafield><datafield ind1=" " ind2="0" tag="650"><subfield code="a">Diola language</subfield><subfield code="x">Phonology.</subfield></datafield><datafield ind1="1" ind2="0" tag="700"><subfield code="a">Diatta, Bernard.</subfield></datafield><datafield ind1=" " ind2=" " tag="035"><subfield code="a">(TxDaGIAL)37741400000187</subfield></datafield><controlfield tag="005">20080624162151.0</controlfield><controlfield tag="001">10201</controlfield><controlfield tag="003">TxDaGIAL</controlfield><datafield ind1=" " ind2=" " tag="852"><subfield code="p">37741400000187</subfield><subfield code="a">Library</subfield><subfield code="9">$0.00</subfield><subfield code="x">COPYID:11995</subfield><subfield code="x">FSC@aVertFile@c19960219</subfield><subfield code="h">FILE</subfield><subfield code="z">Gift Eunice Pike 12-95</subfield></datafield></record>