
<record><leader>01070nam a2200205 a 4500</leader><controlfield tag="008">960221s1987    gw a          100 0 eng d</controlfield><datafield ind1=" " ind2=" " tag="040"><subfield code="a">TxDaGIAL</subfield><subfield code="c">TxDaGIAL</subfield></datafield><datafield ind1="1" ind2=" " tag="100"><subfield code="a">Sroka, Kazimierz A.</subfield></datafield><datafield ind1="1" ind2="0" tag="245"><subfield code="a">Markedness in syntax :</subfield><subfield code="b">the Hungarian conjugations /</subfield><subfield code="c">Kazimierz A. Sroka.</subfield></datafield><datafield ind1=" " ind2=" " tag="260"><subfield code="a">Berlin :</subfield><subfield code="b">Akademie-Verlag,</subfield><subfield code="c">1987.</subfield></datafield><datafield ind1=" " ind2=" " tag="300"><subfield code="a">p. 821-824 :</subfield><subfield code="b">ill. ;</subfield><subfield code="c">24 cm.</subfield></datafield><datafield ind1=" " ind2=" " tag="500"><subfield code="a">Offprint: Bahner, Werner, Joachim Schildt, Dieter Viehweger, eds., Proceedings of the Fourteenth International Congress of Linguists, Berlin/GDR, August 10 -- August 15, l987:821-824, 1987.</subfield></datafield><datafield ind1=" " ind2=" " tag="500"><subfield code="a">"The present paper is an English summary of a paper given originally in Polish at the XLVth Meeting of the Polish Linguistic Society in April 1987."</subfield></datafield><datafield ind1=" " ind2="0" tag="650"><subfield code="a">Hungarian language</subfield><subfield code="x">Syntax.</subfield></datafield><datafield ind1="2" ind2="0" tag="711"><subfield code="a">International Congress of Linguists</subfield><subfield code="n">(14th :</subfield><subfield code="d">1987 :</subfield><subfield code="c">Berlin)</subfield></datafield><datafield ind1=" " ind2=" " tag="035"><subfield code="a">(TxDaGIAL)37741400000202</subfield></datafield><controlfield tag="005">20080624162152.0</controlfield><controlfield tag="001">10214</controlfield><controlfield tag="003">TxDaGIAL</controlfield><datafield ind1=" " ind2=" " tag="852"><subfield code="p">37741400000202</subfield><subfield code="a">Library</subfield><subfield code="b">Kenneth L. Pike Coll</subfield><subfield code="9">$0.00</subfield><subfield code="x">COPYID:12008</subfield><subfield code="x">FSC@aVertFile@c19960219</subfield><subfield code="h">FILE</subfield><subfield code="z">Gift Kenneth Pike</subfield></datafield></record>