
<record><leader>00817nam a2200217 a 4500</leader><controlfield tag="008">960227s1974    er a     b    000 0 eng d</controlfield><datafield ind1=" " ind2=" " tag="040"><subfield code="a">TxDaGIAL</subfield><subfield code="c">TxDaGIAL</subfield></datafield><datafield ind1="0" ind2=" " tag="041"><subfield code="b">rus</subfield></datafield><datafield ind1="1" ind2=" " tag="100"><subfield code="a">Viitso, Tiit-Rein.</subfield></datafield><datafield ind1="1" ind2="0" tag="245"><subfield code="a">On the phonological role of stress, quantity, and st&#248;d in Livonian /</subfield><subfield code="c">Tiit-Rein Viitso.</subfield></datafield><datafield ind1=" " ind2=" " tag="260"><subfield code="a">Tallinn :</subfield><subfield code="b">Academy of Sciences of the Estonian S.S.R.,</subfield><subfield code="c">1974.</subfield></datafield><datafield ind1=" " ind2=" " tag="300"><subfield code="a">p. 159-170 :</subfield><subfield code="b">ill. ;</subfield><subfield code="c">26 cm.</subfield></datafield><datafield ind1=" " ind2=" " tag="504"><subfield code="a">Bibliography: p. 169.</subfield></datafield><datafield ind1=" " ind2=" " tag="500"><subfield code="a">Offprint: Soviet Finno-Uric Studies 10(3):159-170, 1974.</subfield></datafield><datafield ind1=" " ind2=" " tag="546"><subfield code="a">Summary in Russian.</subfield></datafield><datafield ind1=" " ind2="0" tag="650"><subfield code="a">Livonian language</subfield><subfield code="x">Phonology.</subfield></datafield><datafield ind1=" " ind2=" " tag="035"><subfield code="a">(TxDaGIAL)37741400000214</subfield></datafield><controlfield tag="005">20080624162153.0</controlfield><controlfield tag="001">10224</controlfield><controlfield tag="003">TxDaGIAL</controlfield><datafield ind1=" " ind2=" " tag="852"><subfield code="p">37741400000214</subfield><subfield code="a">Library</subfield><subfield code="9">$0.00</subfield><subfield code="x">COPYID:12019</subfield><subfield code="x">FSC@aVertFile@c19960226</subfield><subfield code="h">FILE</subfield><subfield code="z">Gift Eunice V. Pike 3/94</subfield></datafield></record>