
<record><leader>00796nam a2200217 a 4500</leader><controlfield tag="008">960227s1990    er a     b    000 0 eng d</controlfield><datafield ind1=" " ind2=" " tag="040"><subfield code="a">TxDaGIAL</subfield><subfield code="c">TxDaGIAL</subfield></datafield><datafield ind1="0" ind2=" " tag="041"><subfield code="b">rus</subfield></datafield><datafield ind1="1" ind2=" " tag="100"><subfield code="a">Viitso, Tiit-Rein.</subfield></datafield><datafield ind1="1" ind2="0" tag="245"><subfield code="a">Vowels and consonants in North Setu (South Estonian) /</subfield><subfield code="c">Tiit-Rein Viitso.</subfield></datafield><datafield ind1=" " ind2=" " tag="260"><subfield code="a">Tallin :</subfield><subfield code="b">Estonian Academy of Sciences,</subfield><subfield code="c">1990.</subfield></datafield><datafield ind1=" " ind2=" " tag="300"><subfield code="a">p. 161-172 :</subfield><subfield code="b">ill. ;</subfield><subfield code="c">26 cm.</subfield></datafield><datafield ind1=" " ind2=" " tag="504"><subfield code="a">Bibliography: p. 172.</subfield></datafield><datafield ind1=" " ind2=" " tag="500"><subfield code="a">Offprint: Linguistica Uralica 26(3):161-172, 1990.</subfield></datafield><datafield ind1=" " ind2=" " tag="546"><subfield code="a">Summary in Russian.</subfield></datafield><datafield ind1=" " ind2="0" tag="650"><subfield code="a">Estonian language</subfield><subfield code="x">Phonetics.</subfield></datafield><datafield ind1=" " ind2=" " tag="035"><subfield code="a">(TxDaGIAL)37741400000216</subfield></datafield><controlfield tag="005">20080624162153.0</controlfield><controlfield tag="001">10226</controlfield><controlfield tag="003">TxDaGIAL</controlfield><datafield ind1=" " ind2=" " tag="852"><subfield code="p">37741400000216</subfield><subfield code="a">Library</subfield><subfield code="b">Kenneth L. Pike Coll</subfield><subfield code="9">$0.00</subfield><subfield code="x">COPYID:12021</subfield><subfield code="x">FSC@aVertFile@c19960226</subfield><subfield code="h">FILE</subfield><subfield code="z">Gift Kenneth Pike</subfield></datafield></record>