
<record><leader>00753nam a2200193 a 4500</leader><controlfield tag="008">960315s1972    th a     b    000 0 eng d</controlfield><datafield ind1=" " ind2=" " tag="040"><subfield code="a">TxDaGIAL</subfield><subfield code="c">TxDaGIAL</subfield></datafield><datafield ind1="1" ind2=" " tag="100"><subfield code="a">Abramson, Arthur S.</subfield></datafield><datafield ind1="1" ind2="0" tag="245"><subfield code="a">Word-final stops in Thai /</subfield><subfield code="c">Arthur S. Abramson.</subfield></datafield><datafield ind1=" " ind2=" " tag="260"><subfield code="a">Bangkok, Thailand :</subfield><subfield code="b">Central Institute of English Language,</subfield><subfield code="c">c1972.</subfield></datafield><datafield ind1=" " ind2=" " tag="300"><subfield code="a">p. [1]-7 :</subfield><subfield code="b">ill. ;</subfield><subfield code="c">30 cm.</subfield></datafield><datafield ind1=" " ind2=" " tag="504"><subfield code="a">Includes bibliographical references.</subfield></datafield><datafield ind1=" " ind2=" " tag="500"><subfield code="a">Photocopy from: Harris, Jimmy G. and Richard B. Noss, eds., Tai phonetics and phonology: 1-7, 1972.</subfield></datafield><datafield ind1=" " ind2="0" tag="650"><subfield code="a">Thai language</subfield><subfield code="x">Phonetics.</subfield></datafield><datafield ind1=" " ind2=" " tag="035"><subfield code="a">(TxDaGIAL)37741400000291</subfield></datafield><controlfield tag="005">20080624162154.0</controlfield><controlfield tag="001">10234</controlfield><controlfield tag="003">TxDaGIAL</controlfield><datafield ind1=" " ind2=" " tag="852"><subfield code="p">37741400000291</subfield><subfield code="a">Library</subfield><subfield code="9">$0.00</subfield><subfield code="x">COPYID:12029</subfield><subfield code="x">FSC@aVertFile@c19960318</subfield><subfield code="h">FILE</subfield></datafield></record>