
<record><leader>00723cam a2200217   4500</leader><controlfield tag="008">960319q19801989xx       b    000 0 eng d</controlfield><datafield ind1=" " ind2=" " tag="040"><subfield code="a">TxDaGIAL</subfield><subfield code="c">TxDaGIAL</subfield><subfield code="d">TxDaGIAL</subfield></datafield><datafield ind1="1" ind2=" " tag="100"><subfield code="a">Bastien, Joseph W.</subfield><subfield code="q">(Joseph William),</subfield><subfield code="d">1935-</subfield></datafield><datafield ind1="1" ind2="0" tag="245"><subfield code="a">Malayo myth :</subfield><subfield code="b">the Wiwa and the snake /</subfield><subfield code="c">Joseph W. Bastien and Robert H. Hoppe.</subfield></datafield><datafield ind1=" " ind2=" " tag="260"><subfield code="c">[198-?]</subfield></datafield><datafield ind1=" " ind2=" " tag="300"><subfield code="a">25, [2] leaves ;</subfield><subfield code="c">28 cm.</subfield></datafield><datafield ind1=" " ind2=" " tag="504"><subfield code="a">Bibliography: leaf [27].</subfield></datafield><datafield ind1=" " ind2=" " tag="500"><subfield code="a">Typescript.</subfield></datafield><datafield ind1=" " ind2="0" tag="650"><subfield code="a">Mythology</subfield><subfield code="z">Colombia.</subfield></datafield><datafield ind1=" " ind2="0" tag="650"><subfield code="a">Damana language.</subfield></datafield><datafield ind1="1" ind2="0" tag="700"><subfield code="a">Hoppe, Robert Harry.</subfield></datafield><datafield ind1=" " ind2=" " tag="035"><subfield code="a">(TxDaGIAL)37741400000296</subfield></datafield><controlfield tag="005">20080624162154.0</controlfield><controlfield tag="001">10238</controlfield><controlfield tag="003">TxDaGIAL</controlfield><datafield ind1=" " ind2=" " tag="852"><subfield code="p">37741400000296</subfield><subfield code="a">Library</subfield><subfield code="9">$0.00</subfield><subfield code="x">COPYID:12033</subfield><subfield code="x">FSC@aVertFile@c19960320</subfield><subfield code="h">FILE</subfield></datafield></record>