
<record><leader>00625cam a2200193   4500</leader><controlfield tag="008">960320s1988    xx a     b    000 0 eng d</controlfield><datafield ind1=" " ind2=" " tag="040"><subfield code="a">TxDaGIAL</subfield><subfield code="c">TxDaGIAL</subfield><subfield code="d">TxDaGIAL</subfield></datafield><datafield ind1="1" ind2=" " tag="100"><subfield code="a">Chenvidyakarn, Sirinee.</subfield></datafield><datafield ind1="1" ind2="0" tag="245"><subfield code="a">Some remarks on "may questions" /</subfield><subfield code="c">Sirinee Chenvidyakarn.</subfield></datafield><datafield ind1=" " ind2=" " tag="260"><subfield code="c">[1988?]</subfield></datafield><datafield ind1=" " ind2=" " tag="300"><subfield code="a">13 p. :</subfield><subfield code="b">ill. ;</subfield><subfield code="c">30 cm.</subfield></datafield><datafield ind1=" " ind2=" " tag="504"><subfield code="a">Bibliography: p. 13.</subfield></datafield><datafield ind1=" " ind2=" " tag="500"><subfield code="a">Photocopy.</subfield></datafield><datafield ind1=" " ind2="0" tag="650"><subfield code="a">Thai language</subfield><subfield code="x">Interrogative.</subfield></datafield><datafield ind1=" " ind2=" " tag="035"><subfield code="a">(TxDaGIAL)37741400000304</subfield></datafield><controlfield tag="005">20080624162155.0</controlfield><controlfield tag="001">10243</controlfield><controlfield tag="003">TxDaGIAL</controlfield><datafield ind1=" " ind2=" " tag="852"><subfield code="p">37741400000304</subfield><subfield code="a">Library</subfield><subfield code="9">$0.00</subfield><subfield code="x">COPYID:12038</subfield><subfield code="x">FSC@aVertFile@c19960325</subfield><subfield code="h">FILE</subfield><subfield code="z">Gift ll-91</subfield></datafield></record>