
<record><leader>00886nam a2200205   4500</leader><controlfield tag="008">960321s1985    th a     b    100 0 eng d</controlfield><datafield ind1=" " ind2=" " tag="040"><subfield code="a">TxDaGIAL</subfield><subfield code="c">TxDaGIAL</subfield></datafield><datafield ind1="1" ind2=" " tag="100"><subfield code="a">Chuwicha, Yajai,</subfield><subfield code="d">1952-</subfield></datafield><datafield ind1="1" ind2="4" tag="245"><subfield code="a">The multi-purpose marker in oral Thai narrative :</subfield><subfield code="b">a discourse analysis /</subfield><subfield code="c">by Yajai Chuwicha.</subfield></datafield><datafield ind1=" " ind2=" " tag="260"><subfield code="a">[S.l. :</subfield><subfield code="b">s.n.],</subfield><subfield code="c">1985.</subfield></datafield><datafield ind1=" " ind2=" " tag="300"><subfield code="a">22, [1] p. :</subfield><subfield code="b">ill. ;</subfield><subfield code="c">30 cm.</subfield></datafield><datafield ind1=" " ind2=" " tag="504"><subfield code="a">Bibliography: p. [23].</subfield></datafield><datafield ind1=" " ind2=" " tag="500"><subfield code="a">A paper presented at the 18th International Conference on Sino-Tibetan Languages and Linguistics, August 28, 1985: 1-23.</subfield></datafield><datafield ind1=" " ind2="0" tag="650"><subfield code="a">Thai language</subfield><subfield code="x">Discourse analysis.</subfield></datafield><datafield ind1="2" ind2="0" tag="711"><subfield code="a">International Conference on Sino-Tibetan Languages and Linguistics</subfield><subfield code="n">(18th :</subfield><subfield code="d">1985 :</subfield><subfield code="c">Bangkok)</subfield></datafield><datafield ind1=" " ind2=" " tag="035"><subfield code="a">(TxDaGIAL)37741400000309</subfield></datafield><controlfield tag="005">20080624162155.0</controlfield><controlfield tag="001">10245</controlfield><controlfield tag="003">TxDaGIAL</controlfield><datafield ind1=" " ind2=" " tag="852"><subfield code="p">37741400000309</subfield><subfield code="a">Library</subfield><subfield code="9">$0.00</subfield><subfield code="x">COPYID:12040</subfield><subfield code="x">FSC@aVertFile@c19960325</subfield><subfield code="h">FILE</subfield></datafield></record>