
<record><leader>00734nam a2200205 a 4500</leader><controlfield tag="008">960321s1969    it       b    000 0 eng d</controlfield><datafield ind1=" " ind2=" " tag="040"><subfield code="a">TxDaGIAL</subfield><subfield code="c">TxDaGIAL</subfield></datafield><datafield ind1="1" ind2=" " tag="100"><subfield code="a">Gordon, Cyrus Herzl,</subfield><subfield code="d">1908-</subfield></datafield><datafield ind1="1" ind2="0" tag="245"><subfield code="a">Minoan /</subfield><subfield code="c">Cyrus H. Gordon.</subfield></datafield><datafield ind1=" " ind2=" " tag="260"><subfield code="a">Pavia, Italy :</subfield><subfield code="b">Universit&#224; di Pavia,</subfield><subfield code="c">1969.</subfield></datafield><datafield ind1=" " ind2=" " tag="300"><subfield code="a">p. [125]-135 ;</subfield><subfield code="c">24 cm.</subfield></datafield><datafield ind1=" " ind2=" " tag="504"><subfield code="a">Includes bibliographical references.</subfield></datafield><datafield ind1=" " ind2=" " tag="500"><subfield code="a">Offprint: Athenaeum, studi periodici de letteratura e storia dell'antichit&#224; XLVII(I-IV):125-135, 1969.</subfield></datafield><datafield ind1=" " ind2="0" tag="650"><subfield code="a">Hittite language.</subfield></datafield><datafield ind1=" " ind2="0" tag="650"><subfield code="a">Minoans.</subfield></datafield><datafield ind1=" " ind2=" " tag="035"><subfield code="a">(TxDaGIAL)37741400000323</subfield></datafield><controlfield tag="005">20080624162156.0</controlfield><controlfield tag="001">10258</controlfield><controlfield tag="003">TxDaGIAL</controlfield><datafield ind1=" " ind2=" " tag="852"><subfield code="p">37741400000323</subfield><subfield code="a">Library</subfield><subfield code="9">$0.00</subfield><subfield code="x">COPYID:12053</subfield><subfield code="x">FSC@aVertFile@c19960325</subfield><subfield code="h">FILE</subfield></datafield></record>