
<record><leader>00922nam a2200205 a 4500</leader><controlfield tag="008">960321s1986    miua    rb    110 0 eng d</controlfield><datafield ind1=" " ind2=" " tag="040"><subfield code="a">TxDaGIAL</subfield><subfield code="c">TxDaGIAL</subfield></datafield><datafield ind1="1" ind2=" " tag="100"><subfield code="a">Grima, John A.</subfield></datafield><datafield ind1="1" ind2="0" tag="245"><subfield code="a">Discourse factors contributing to the understanding of a zero pronoun in a passage from the &quot;Phr&#225;r&#226;atchaw&#237;caan&quot; /</subfield><subfield code="c">John A. Grima.</subfield></datafield><datafield ind1=" " ind2=" " tag="260"><subfield code="a">Ann Arbor, Mich. :</subfield><subfield code="b">University of Michigan,</subfield><subfield code="c">1986.</subfield></datafield><datafield ind1=" " ind2=" " tag="300"><subfield code="a">p. 159-169 :</subfield><subfield code="b">ill. ;</subfield><subfield code="c">21 cm.</subfield></datafield><datafield ind1=" " ind2=" " tag="504"><subfield code="a">Bibliography: p. 169.</subfield></datafield><datafield ind1=" " ind2=" " tag="500"><subfield code="a">Photocopy from: Paper presented at a conference in Thai studies in honor of William J. Gedney, Robert H. Bockner et al., eds.: 159-169, 1986.</subfield></datafield><datafield ind1=" " ind2="0" tag="650"><subfield code="a">Thai language</subfield><subfield code="x">Nominals.</subfield></datafield><datafield ind1="2" ind2="0" tag="711"><subfield code="a">Conference in Thai studies in honor of William Gedney</subfield><subfield code="d">(1986)</subfield></datafield><datafield ind1=" " ind2=" " tag="035"><subfield code="a">(TxDaGIAL)37741400000324</subfield></datafield><controlfield tag="005">20080624162157.0</controlfield><controlfield tag="001">10259</controlfield><controlfield tag="003">TxDaGIAL</controlfield><datafield ind1=" " ind2=" " tag="852"><subfield code="p">37741400000324</subfield><subfield code="a">Library</subfield><subfield code="9">$0.00</subfield><subfield code="x">COPYID:12054</subfield><subfield code="x">FSC@aVertFile@c19960325</subfield><subfield code="h">FILE</subfield></datafield></record>