
<record><leader>00752nam a2200217 a 4500</leader><controlfield tag="008">960325s1982    xx a    r     000 0 fre d</controlfield><datafield ind1=" " ind2=" " tag="040"><subfield code="a">TxDaGIAL</subfield><subfield code="c">TxDaGIAL</subfield></datafield><datafield ind1="1" ind2=" " tag="100"><subfield code="a">Guentch&#233;va, Zlatka.</subfield></datafield><datafield ind1="1" ind2="2" tag="245"><subfield code="a">L'aoriste en Bulgare /</subfield><subfield code="c">Zlatka Guentch&#233;va &amp; Jean-Pierre Descl&#233;s.</subfield></datafield><datafield ind1=" " ind2=" " tag="260"><subfield code="a">Paris :</subfield><subfield code="b">Publications Langues,</subfield><subfield code="c">1982.</subfield></datafield><datafield ind1=" " ind2=" " tag="300"><subfield code="a">p.31-62 :</subfield><subfield code="b">ill. ;</subfield><subfield code="c">21 cm.</subfield></datafield><datafield ind1=" " ind2=" " tag="504"><subfield code="a">Includes bibliographical references.</subfield></datafield><datafield ind1=" " ind2=" " tag="500"><subfield code="a">Photocopy from: Cahiers balkaniques 3:31-62, 1982.</subfield></datafield><datafield ind1=" " ind2=" " tag="546"><subfield code="a">In French.</subfield></datafield><datafield ind1=" " ind2="0" tag="650"><subfield code="a">Bulgarian language</subfield><subfield code="x">Verb.</subfield></datafield><datafield ind1="1" ind2="0" tag="700"><subfield code="a">Descl&#233;s, J. P.</subfield></datafield><datafield ind1=" " ind2=" " tag="035"><subfield code="a">(TxDaGIAL)37741400000327</subfield></datafield><controlfield tag="005">20080624162157.0</controlfield><controlfield tag="001">10261</controlfield><controlfield tag="003">TxDaGIAL</controlfield><datafield ind1=" " ind2=" " tag="852"><subfield code="p">37741400000327</subfield><subfield code="a">Library</subfield><subfield code="9">$0.00</subfield><subfield code="x">COPYID:12056</subfield><subfield code="x">FSC@aVertFile@c19960325</subfield><subfield code="h">FILE</subfield></datafield></record>