
<record><leader>00798nam a2200205 a 4500</leader><controlfield tag="008">960325s1986    fr p          000 0 fre d</controlfield><datafield ind1=" " ind2=" " tag="040"><subfield code="a">TxDaGIAL</subfield><subfield code="c">TxDaGIAL</subfield></datafield><datafield ind1="1" ind2=" " tag="100"><subfield code="a">Guentch&#233;va, Zlatka.</subfield></datafield><datafield ind1="1" ind2="0" tag="245"><subfield code="a">Contributions a l'&#233;tude des cat&#233;gories grammaticales du Bulgare litt&#233;raire contemporain /</subfield><subfield code="c">par Zlatka Guentch&#233;va.</subfield></datafield><datafield ind1=" " ind2=" " tag="260"><subfield code="a">Paris :</subfield><subfield code="b">Institut d'&#233;tudes Slaves,</subfield><subfield code="c">1986.</subfield></datafield><datafield ind1=" " ind2=" " tag="300"><subfield code="a">p. [667]-674 ;</subfield><subfield code="c">24 cm.</subfield></datafield><datafield ind1=" " ind2=" " tag="504"><subfield code="a">Includes bibliographical references.</subfield></datafield><datafield ind1=" " ind2=" " tag="500"><subfield code="a">Offprint: Revue des &#233;tudes slaves LVIII/4:667-674, 1986.</subfield></datafield><datafield ind1=" " ind2=" " tag="546"><subfield code="a">In French.</subfield></datafield><datafield ind1=" " ind2="0" tag="650"><subfield code="a">Bulgarian language</subfield><subfield code="x">Grammatical categories.</subfield></datafield><datafield ind1=" " ind2=" " tag="035"><subfield code="a">(TxDaGIAL)37741400000328</subfield></datafield><controlfield tag="005">20080624162157.0</controlfield><controlfield tag="001">10262</controlfield><controlfield tag="003">TxDaGIAL</controlfield><datafield ind1=" " ind2=" " tag="852"><subfield code="p">37741400000328</subfield><subfield code="a">Library</subfield><subfield code="9">$0.00</subfield><subfield code="x">COPYID:12057</subfield><subfield code="x">FSC@aVertFile@c19960325</subfield><subfield code="h">FILE</subfield></datafield></record>