
<record><leader>00939nam a2200217 a 4500</leader><controlfield tag="008">960325s1978    fr       b    100 0 fre d</controlfield><datafield ind1=" " ind2=" " tag="040"><subfield code="a">TxDaGIAL</subfield><subfield code="c">TxDaGIAL</subfield></datafield><datafield ind1="1" ind2=" " tag="100"><subfield code="a">Guentch&#233;va, Zlatka.</subfield></datafield><datafield ind1="1" ind2="0" tag="245"><subfield code="a">Sp&#233;cificit&#233; de l'aspect en Bulgare :</subfield><subfield code="b">interaction entre aspect et d&#233;termination /</subfield><subfield code="c">par Zlatka Guentch&#233;va.</subfield></datafield><datafield ind1=" " ind2=" " tag="260"><subfield code="a">Paris :</subfield><subfield code="b">Institut National d'&#233;tudes Slaves,</subfield><subfield code="c">1978.</subfield></datafield><datafield ind1=" " ind2=" " tag="300"><subfield code="a">p. [115]-120 ;</subfield><subfield code="c">14 cm.</subfield></datafield><datafield ind1=" " ind2=" " tag="504"><subfield code="a">Bibliography: p. 120.</subfield></datafield><datafield ind1=" " ind2=" " tag="500"><subfield code="a">Offprint: Revue des etudes Slaves: Communications de la d&#233;l&#233;gation Fran&#231;aise au VIII Congr&#232;s International des Slavistes, Zagreb, 1978.</subfield></datafield><datafield ind1=" " ind2=" " tag="546"><subfield code="a">In French.</subfield></datafield><datafield ind1=" " ind2="0" tag="650"><subfield code="a">Bulgarian language</subfield><subfield code="x">Aspect.</subfield></datafield><datafield ind1="2" ind2="0" tag="711"><subfield code="a">Congres International des Slavistes</subfield><subfield code="n">(VIIIe :</subfield><subfield code="d">3-9 Set., 1978 :</subfield><subfield code="c">Zagreb)</subfield></datafield><datafield ind1=" " ind2=" " tag="035"><subfield code="a">(TxDaGIAL)37741400000329</subfield></datafield><controlfield tag="005">20080624162157.0</controlfield><controlfield tag="001">10263</controlfield><controlfield tag="003">TxDaGIAL</controlfield><datafield ind1=" " ind2=" " tag="852"><subfield code="p">37741400000329</subfield><subfield code="a">Library</subfield><subfield code="9">$0.00</subfield><subfield code="x">COPYID:12058</subfield><subfield code="x">FSC@aVertFile@c19960325</subfield><subfield code="h">FILE</subfield></datafield></record>