
<record><leader>00903nam a2200217 a 4500</leader><controlfield tag="008">960325s1988    fr       b    100 0 fre d</controlfield><datafield ind1=" " ind2=" " tag="040"><subfield code="a">TxDaGIAL</subfield><subfield code="c">TxDaGIAL</subfield></datafield><datafield ind1="1" ind2=" " tag="100"><subfield code="a">Guentch&#233;va, Zlatka.</subfield></datafield><datafield ind1="1" ind2="3" tag="245"><subfield code="a">Le parfait et la valeur inf&#233;rentielle en Bulgare /</subfield><subfield code="c">par Zlatka Guentch&#233;va-Descles.</subfield></datafield><datafield ind1=" " ind2=" " tag="260"><subfield code="a">Paris :</subfield><subfield code="b">Institut D'&#233;tudes Slaves,</subfield><subfield code="c">1988.</subfield></datafield><datafield ind1=" " ind2=" " tag="300"><subfield code="a">p. [1]-18 ;</subfield><subfield code="c">21 cm.</subfield></datafield><datafield ind1=" " ind2=" " tag="504"><subfield code="a">Bibliography: p. 17-18.</subfield></datafield><datafield ind1=" " ind2=" " tag="500"><subfield code="a">Offprint: Communications de la d&#233;l&#233;gation fran&#231;aise, X Congr&#232;s International des Slavistes, Sofia, 14-22 septembre 1988: 1-18.</subfield></datafield><datafield ind1=" " ind2=" " tag="546"><subfield code="a">In French.</subfield></datafield><datafield ind1=" " ind2="0" tag="650"><subfield code="a">Bulgarian language</subfield><subfield code="x">Complement.</subfield></datafield><datafield ind1="2" ind2="0" tag="711"><subfield code="a">Congres International des Slavistes</subfield><subfield code="n">(Xe :</subfield><subfield code="d">14-22 Septembre, 1988 :</subfield><subfield code="c">Sof&#237;a)</subfield></datafield><datafield ind1=" " ind2=" " tag="035"><subfield code="a">(TxDaGIAL)37741400000330</subfield></datafield><controlfield tag="005">20080624162157.0</controlfield><controlfield tag="001">10264</controlfield><controlfield tag="003">TxDaGIAL</controlfield><datafield ind1=" " ind2=" " tag="852"><subfield code="p">37741400000330</subfield><subfield code="a">Library</subfield><subfield code="9">$0.00</subfield><subfield code="x">COPYID:12059</subfield><subfield code="x">FSC@aVertFile@c19960325</subfield><subfield code="h">FILE</subfield></datafield></record>