
<record><leader>00957nam a2200229 a 4500</leader><controlfield tag="008">960326s1991    txua     b    100 0 eng d</controlfield><datafield ind1=" " ind2=" " tag="040"><subfield code="a">TxDaGIAL</subfield><subfield code="c">TxDaGIAL</subfield></datafield><datafield ind1="0" ind2=" " tag="041"><subfield code="a">eng</subfield></datafield><datafield ind1="1" ind2=" " tag="100"><subfield code="a">Gui, Ming Chao.</subfield></datafield><datafield ind1="1" ind2="4" tag="245"><subfield code="a">The phonological developments of Kunming Chinese in the past five decades (1939-1989) /</subfield><subfield code="c">Mingchao Gui.</subfield></datafield><datafield ind1=" " ind2=" " tag="260"><subfield code="a">Dallas, Tex. :</subfield><subfield code="b">University of Texas &amp; the Summer Institute of Linguistics,</subfield><subfield code="c">1991.</subfield></datafield><datafield ind1=" " ind2=" " tag="300"><subfield code="a">15 leaves :</subfield><subfield code="b">ill. ;</subfield><subfield code="c">28 cm.</subfield></datafield><datafield ind1=" " ind2=" " tag="504"><subfield code="a">Bibliography: leaves 9-12.</subfield></datafield><datafield ind1=" " ind2=" " tag="500"><subfield code="a">Photocopy of: Paper presented to the International Conference on Chinese Linguistics 1991, Wuhan, China.</subfield></datafield><datafield ind1=" " ind2="0" tag="650"><subfield code="a">Chinese language</subfield><subfield code="x">Modern Chinese.</subfield></datafield><datafield ind1=" " ind2="0" tag="650"><subfield code="a">Phonology.</subfield></datafield><datafield ind1="2" ind2="0" tag="711"><subfield code="a">International Conference on Chinese linguistics</subfield><subfield code="d">(1991 :</subfield><subfield code="c">Wuhan, China)</subfield></datafield><datafield ind1=" " ind2=" " tag="035"><subfield code="a">(TxDaGIAL)37741400000331</subfield></datafield><controlfield tag="005">20080624162157.0</controlfield><controlfield tag="001">10265</controlfield><controlfield tag="003">TxDaGIAL</controlfield><datafield ind1=" " ind2=" " tag="852"><subfield code="p">37741400000331</subfield><subfield code="a">Library</subfield><subfield code="9">$0.00</subfield><subfield code="x">COPYID:12060</subfield><subfield code="x">FSC@aVertFile@c19960325</subfield><subfield code="h">FILE</subfield></datafield></record>