
<record><leader>00713cam a2200217 a 4500</leader><controlfield tag="008">960326s1989    xx a          000 0 eng d</controlfield><datafield ind1=" " ind2=" " tag="040"><subfield code="a">TxDaGIAL</subfield><subfield code="c">TxDaGIAL</subfield><subfield code="d">TxDaGIAL</subfield></datafield><datafield ind1="0" ind2=" " tag="041"><subfield code="a">eng</subfield><subfield code="b">new</subfield><subfield code="h">eng</subfield></datafield><datafield ind1="1" ind2=" " tag="100"><subfield code="a">Hale, Austin.</subfield></datafield><datafield ind1="1" ind2="0" tag="245"><subfield code="a">Linguistic reflections on a Newari text /</subfield><subfield code="c">Austin Hale.</subfield></datafield><datafield ind1=" " ind2=" " tag="260"><subfield code="c">1989.</subfield></datafield><datafield ind1=" " ind2=" " tag="300"><subfield code="a">10 leaves, [7] leaves :</subfield><subfield code="b">ill. ;</subfield><subfield code="c">31 cm.</subfield></datafield><datafield ind1=" " ind2=" " tag="500"><subfield code="a">Typescript.</subfield></datafield><datafield ind1=" " ind2=" " tag="546"><subfield code="a">In English: translation in Newari (1990)</subfield></datafield><datafield ind1=" " ind2="0" tag="650"><subfield code="a">Newari language</subfield><subfield code="x">Discourse analysis.</subfield></datafield><datafield ind1="1" ind2="0" tag="700"><subfield code="a">Shakya, Kesar Man,</subfield><subfield code="e">tr.</subfield></datafield><datafield ind1=" " ind2=" " tag="035"><subfield code="a">(TxDaGIAL)37741400000333</subfield></datafield><controlfield tag="005">20080624162157.0</controlfield><controlfield tag="001">10266</controlfield><controlfield tag="003">TxDaGIAL</controlfield><datafield ind1=" " ind2=" " tag="852"><subfield code="p">37741400000333</subfield><subfield code="a">Library</subfield><subfield code="9">$0.00</subfield><subfield code="x">COPYID:12061</subfield><subfield code="x">FSC@aVertFile@c19960325</subfield><subfield code="h">FILE</subfield></datafield></record>