
<record><leader>00794nam a2200193 a 4500</leader><controlfield tag="008">960326s19741974be a     b    000 0 eng d</controlfield><datafield ind1=" " ind2=" " tag="040"><subfield code="a">TxDaGIAL</subfield><subfield code="c">TxDaGIAL</subfield></datafield><datafield ind1="1" ind2=" " tag="100"><subfield code="a">Hancock, Ian F.</subfield></datafield><datafield ind1="1" ind2="0" tag="245"><subfield code="a">Patterns of English lexical adoption in a Texan dialect of Roman&#233;s /</subfield><subfield code="c">Ian F. Hancock.</subfield></datafield><datafield ind1=" " ind2=" " tag="260"><subfield code="a">Austin, Tex. :</subfield><subfield code="b">University of Texas at Austin,</subfield><subfield code="c">1974.</subfield></datafield><datafield ind1=" " ind2=" " tag="300"><subfield code="a">leaves [1]-19 :</subfield><subfield code="b">ill. ;</subfield><subfield code="c">22 cm.</subfield></datafield><datafield ind1=" " ind2=" " tag="504"><subfield code="a">Includes bibliographical references.</subfield></datafield><datafield ind1=" " ind2=" " tag="500"><subfield code="a">Later published in: Orbis. Bulletin international de documentation linguistique 25:83-104, 1976.</subfield></datafield><datafield ind1=" " ind2="0" tag="650"><subfield code="a">Romani language</subfield><subfield code="x">Foreign words and phrases.</subfield></datafield><datafield ind1=" " ind2=" " tag="035"><subfield code="a">(TxDaGIAL)37741400000334</subfield></datafield><controlfield tag="005">20080624162157.0</controlfield><controlfield tag="001">10267</controlfield><controlfield tag="003">TxDaGIAL</controlfield><datafield ind1=" " ind2=" " tag="852"><subfield code="p">37741400000334</subfield><subfield code="a">Library</subfield><subfield code="9">$0.00</subfield><subfield code="x">COPYID:12062</subfield><subfield code="x">FSC@aVertFile@c19960325</subfield><subfield code="h">FILE</subfield></datafield></record>