
<record><leader>00817nam a2200193 a 4500</leader><controlfield tag="008">960327s1975    th a    rb    010 0 eng d</controlfield><datafield ind1=" " ind2=" " tag="040"><subfield code="a">TxDaGIAL</subfield><subfield code="c">TxDaGIAL</subfield></datafield><datafield ind1="1" ind2=" " tag="100"><subfield code="a">Hatton, Howard,</subfield><subfield code="d">1929-</subfield></datafield><datafield ind1="1" ind2="2" tag="245"><subfield code="a">A Thai discourse pattern /</subfield><subfield code="c">Howard Patton.</subfield></datafield><datafield ind1=" " ind2=" " tag="260"><subfield code="a">Bangkok, Thailand :</subfield><subfield code="b">Central Institute of English Language. Office of State Universities,</subfield><subfield code="c">1975.</subfield></datafield><datafield ind1=" " ind2=" " tag="300"><subfield code="a">p. 231-251 :</subfield><subfield code="b">ill. ;</subfield><subfield code="c">30 cm.</subfield></datafield><datafield ind1=" " ind2=" " tag="504"><subfield code="a">Bibliography: p. 249-251.</subfield></datafield><datafield ind1=" " ind2=" " tag="500"><subfield code="a">Photocopy from: Harris, Jimmy G. and James R. Chamberlain, eds., Studies in Tai linguistics in honor of William J. Gedney, 1975:231-251.</subfield></datafield><datafield ind1=" " ind2="0" tag="650"><subfield code="a">Thai language</subfield><subfield code="x">Discourse analysis.</subfield></datafield><datafield ind1=" " ind2=" " tag="035"><subfield code="a">(TxDaGIAL)37741400000335</subfield></datafield><controlfield tag="005">20080624162157.0</controlfield><controlfield tag="001">10268</controlfield><controlfield tag="003">TxDaGIAL</controlfield><datafield ind1=" " ind2=" " tag="852"><subfield code="p">37741400000335</subfield><subfield code="a">Library</subfield><subfield code="9">$0.00</subfield><subfield code="x">COPYID:12063</subfield><subfield code="x">FSC@aVertFile@c19960325</subfield><subfield code="h">FILE</subfield></datafield></record>