
<record><leader>00786cam a2200205 a 4500</leader><controlfield tag="008">960328s1978    xx a    rb    000 0 eng u</controlfield><datafield ind1=" " ind2=" " tag="040"><subfield code="a">TxDaGIAL</subfield><subfield code="c">TxDaGIAL</subfield><subfield code="d">TxDaGIAL</subfield></datafield><datafield ind1="1" ind2=" " tag="100"><subfield code="a">Hewitt, B. G.</subfield><subfield code="q">(Brian George)</subfield></datafield><datafield ind1="1" ind2="5" tag="245"><subfield code="a">"The north wind and the sun" in Cecen /</subfield><subfield code="c">by B.G. Hewitt.</subfield></datafield><datafield ind1=" " ind2=" " tag="260"><subfield code="c">1978.</subfield></datafield><datafield ind1=" " ind2=" " tag="300"><subfield code="a">17 p. :</subfield><subfield code="b">ill. ;</subfield><subfield code="c">30 cm.</subfield></datafield><datafield ind1=" " ind2=" " tag="504"><subfield code="a">Bibliography: p. 16-17.</subfield></datafield><datafield ind1=" " ind2=" " tag="500"><subfield code="a">"This work was supported by a grant from the SSRC for the study of the syntactic typology of the non-Slavic languages of the U.S.S.R."--t.p.</subfield></datafield><datafield ind1=" " ind2=" " tag="500"><subfield code="a">Mimeograph.</subfield></datafield><datafield ind1=" " ind2="0" tag="650"><subfield code="a">Chechen language</subfield><subfield code="x">Linguistic analysis.</subfield></datafield><datafield ind1=" " ind2=" " tag="035"><subfield code="a">(TxDaGIAL)37741400000341</subfield></datafield><controlfield tag="005">20080624162158.0</controlfield><controlfield tag="001">10271</controlfield><controlfield tag="003">TxDaGIAL</controlfield><datafield ind1=" " ind2=" " tag="852"><subfield code="p">37741400000341</subfield><subfield code="a">Library</subfield><subfield code="9">$0.00</subfield><subfield code="x">COPYID:12066</subfield><subfield code="x">FSC@aVertFile@c19960325</subfield><subfield code="h">FILE</subfield></datafield></record>