
<record><leader>00677nam a2200193 a 4500</leader><controlfield tag="008">960401s1984    th       b    000 0 eng d</controlfield><datafield ind1=" " ind2=" " tag="040"><subfield code="a">TxDaGIAL</subfield><subfield code="c">TxDaGIAL</subfield></datafield><datafield ind1="1" ind2=" " tag="100"><subfield code="a">Khanittanan, Wilaiwan.</subfield></datafield><datafield ind1="1" ind2="0" tag="245"><subfield code="a">Usage of address terms :</subfield><subfield code="b">a comparative study of three social groups /</subfield><subfield code="c">Wilaiwan Kanittanan.</subfield></datafield><datafield ind1=" " ind2=" " tag="260"><subfield code="a">Bangkok :</subfield><subfield code="b">[Thammasat University],</subfield><subfield code="c">1984.</subfield></datafield><datafield ind1=" " ind2=" " tag="300"><subfield code="a">leaves [1]-12 ;</subfield><subfield code="c">30 cm.</subfield></datafield><datafield ind1=" " ind2=" " tag="504"><subfield code="a">Bibliography: leaf 12.</subfield></datafield><datafield ind1=" " ind2=" " tag="500"><subfield code="a">Photocopy.</subfield></datafield><datafield ind1=" " ind2="0" tag="650"><subfield code="a">Thai language</subfield><subfield code="x">Address, forms of.</subfield></datafield><datafield ind1=" " ind2=" " tag="035"><subfield code="a">(TxDaGIAL)37741400000350</subfield></datafield><controlfield tag="005">20080624162200.0</controlfield><controlfield tag="001">10279</controlfield><controlfield tag="003">TxDaGIAL</controlfield><datafield ind1=" " ind2=" " tag="852"><subfield code="p">37741400000350</subfield><subfield code="a">Library</subfield><subfield code="9">$0.00</subfield><subfield code="x">COPYID:12074</subfield><subfield code="x">FSC@aVertFile@c19960325</subfield><subfield code="h">FILE</subfield></datafield></record>