
<record><leader>00918nam a2200217 a 4500</leader><controlfield tag="008">960401s1964    mx a     b    100 0 eng d</controlfield><datafield ind1=" " ind2=" " tag="040"><subfield code="a">TxDaGIAL</subfield><subfield code="c">TxDaGIAL</subfield></datafield><datafield ind1="1" ind2=" " tag="100"><subfield code="a">Kaufman, Terrence S.</subfield></datafield><datafield ind1="1" ind2="0" tag="245"><subfield code="a">Mixe-Zoque subgroups and the position of Tapachulteco /</subfield><subfield code="c">Terrence S. Kaufman.</subfield></datafield><datafield ind1=" " ind2=" " tag="260"><subfield code="a">Mexico City :</subfield><subfield code="b">International Congress of Americanists,</subfield><subfield code="c">1964.</subfield></datafield><datafield ind1=" " ind2=" " tag="300"><subfield code="a">p. 403-411 :</subfield><subfield code="b">ill. ;</subfield><subfield code="c">24 cm.</subfield></datafield><datafield ind1=" " ind2=" " tag="504"><subfield code="a">Bibliography: p. 410-411.</subfield></datafield><datafield ind1=" " ind2=" " tag="500"><subfield code="a">Offprint: XXXV Congreso Internacional de Americanistas, actas y memorias, Mexico, 1962: 403-411.</subfield></datafield><datafield ind1=" " ind2="0" tag="650"><subfield code="a">Mixe language.</subfield></datafield><datafield ind1=" " ind2="0" tag="650"><subfield code="a">Zoque language.</subfield></datafield><datafield ind1="2" ind2="0" tag="711"><subfield code="a">International Congress of Americanists</subfield><subfield code="n">(XXXV :</subfield><subfield code="d">1962 :</subfield><subfield code="c">Mexico [City])</subfield></datafield><datafield ind1=" " ind2=" " tag="035"><subfield code="a">(TxDaGIAL)37741400000352</subfield></datafield><controlfield tag="005">20080624162201.0</controlfield><controlfield tag="001">10281</controlfield><controlfield tag="003">TxDaGIAL</controlfield><datafield ind1=" " ind2=" " tag="852"><subfield code="p">37741400000352</subfield><subfield code="a">Library</subfield><subfield code="b">Robert Longacre Coll</subfield><subfield code="9">$0.00</subfield><subfield code="x">COPYID:12076</subfield><subfield code="x">FSC@aVertFile@c19960325</subfield><subfield code="h">FILE</subfield><subfield code="z">Gift, R.E. Longacre</subfield></datafield></record>