
<record><leader>00865cam a2200205 a 4500</leader><controlfield tag="008">960401s1978    xx       b    000 0 eng d</controlfield><datafield ind1=" " ind2=" " tag="040"><subfield code="a">TxDaGIAL</subfield><subfield code="c">TxDaGIAL</subfield><subfield code="d">TxDaGIAL</subfield></datafield><datafield ind1="1" ind2=" " tag="100"><subfield code="a">Khiba, Z. K.</subfield></datafield><datafield ind1="1" ind2="2" tag="245"><subfield code="a">A contribution to Abkhaz lexicography :</subfield><subfield code="b">the secret language of the hunters /</subfield><subfield code="c">Z.K. Khiba (with B.G. Hewitt).</subfield></datafield><datafield ind1=" " ind2=" " tag="260"><subfield code="c">1978.</subfield></datafield><datafield ind1=" " ind2=" " tag="300"><subfield code="a">12 p. ;</subfield><subfield code="c">30 cm.</subfield></datafield><datafield ind1=" " ind2=" " tag="504"><subfield code="a">Bibliography: p.12.</subfield></datafield><datafield ind1=" " ind2=" " tag="500"><subfield code="a">Typescript: This work was supported in part by a grant from the Social Science Research Council for the investigation of the linguistic typology of the non-Slavic languages of the USSR.</subfield></datafield><datafield ind1=" " ind2="0" tag="650"><subfield code="a">Abkhaz language</subfield><subfield code="x">Lexicography.</subfield></datafield><datafield ind1="1" ind2="0" tag="700"><subfield code="a">Hewitt, B. G.</subfield><subfield code="q">(Brian George)</subfield></datafield><datafield ind1=" " ind2=" " tag="035"><subfield code="a">(TxDaGIAL)37741400000354</subfield></datafield><controlfield tag="005">20080624162201.0</controlfield><controlfield tag="001">10283</controlfield><controlfield tag="003">TxDaGIAL</controlfield><datafield ind1=" " ind2=" " tag="852"><subfield code="p">37741400000354</subfield><subfield code="a">Library</subfield><subfield code="9">$0.00</subfield><subfield code="x">COPYID:12078</subfield><subfield code="x">FSC@aVertFile@c19960325</subfield><subfield code="h">FILE</subfield></datafield></record>