
<record><leader>00672cam a2200193 a 4500</leader><controlfield tag="008">960403s1985    xx a    rb    000 0 eng d</controlfield><datafield ind1=" " ind2=" " tag="040"><subfield code="a">TxDaGIAL</subfield><subfield code="c">TxDaGIAL</subfield><subfield code="d">TxDaGIAL</subfield></datafield><datafield ind1="1" ind2=" " tag="100"><subfield code="a">Luksaneeyanawin, Sudaporn.</subfield></datafield><datafield ind1="1" ind2="4" tag="245"><subfield code="a">The phonetic correlates and the functions of speech pause in Thai /</subfield><subfield code="c">Sudaporn Luksaneeyanawin.</subfield></datafield><datafield ind1=" " ind2=" " tag="260"><subfield code="c">[ca. 1985]</subfield></datafield><datafield ind1=" " ind2=" " tag="300"><subfield code="a">13 leaves :</subfield><subfield code="b">ill. ;</subfield><subfield code="c">30 cm.</subfield></datafield><datafield ind1=" " ind2=" " tag="504"><subfield code="a">Includes bibliographical references.</subfield></datafield><datafield ind1=" " ind2=" " tag="500"><subfield code="a">Photocopy.</subfield></datafield><datafield ind1=" " ind2="0" tag="650"><subfield code="a">Thai language</subfield><subfield code="x">Phonetics.</subfield></datafield><datafield ind1=" " ind2=" " tag="035"><subfield code="a">(TxDaGIAL)37741400000365</subfield></datafield><controlfield tag="005">20080624162202.0</controlfield><controlfield tag="001">10294</controlfield><controlfield tag="003">TxDaGIAL</controlfield><datafield ind1=" " ind2=" " tag="852"><subfield code="p">37741400000365</subfield><subfield code="a">Library</subfield><subfield code="9">$0.00</subfield><subfield code="x">COPYID:12089</subfield><subfield code="x">FSC@aVertFile@c19960325</subfield><subfield code="h">FILE</subfield></datafield></record>