
<record><leader>00731cam a2200193 a 4500</leader><controlfield tag="008">960403s1984    xx a    rb    000 0 eng d</controlfield><datafield ind1=" " ind2=" " tag="040"><subfield code="a">TxDaGIAL</subfield><subfield code="c">TxDaGIAL</subfield><subfield code="d">TxDaGIAL</subfield></datafield><datafield ind1="1" ind2=" " tag="100"><subfield code="a">Luksaneeyanawin, Sudaporn.</subfield></datafield><datafield ind1="1" ind2="4" tag="245"><subfield code="a">The tonal behaviour of one-word utterances :</subfield><subfield code="b">the interplay between tone and intonation in Thai /</subfield><subfield code="c">Sudaporn Luksaneeyanawin.</subfield></datafield><datafield ind1=" " ind2=" " tag="260"><subfield code="c">[ca. 1984]</subfield></datafield><datafield ind1=" " ind2=" " tag="300"><subfield code="a">p. [16]-30 :</subfield><subfield code="b">ill. ;</subfield><subfield code="c">22 cm.</subfield></datafield><datafield ind1=" " ind2=" " tag="504"><subfield code="a">Bibliography: p. 28-30.</subfield></datafield><datafield ind1=" " ind2=" " tag="500"><subfield code="a">Photocopy: work in progress, Edinburgh University, 1984.</subfield></datafield><datafield ind1=" " ind2="0" tag="650"><subfield code="a">Thai language</subfield><subfield code="x">Tone.</subfield></datafield><datafield ind1=" " ind2=" " tag="035"><subfield code="a">(TxDaGIAL)37741400000366</subfield></datafield><controlfield tag="005">20080624162202.0</controlfield><controlfield tag="001">10295</controlfield><controlfield tag="003">TxDaGIAL</controlfield><datafield ind1=" " ind2=" " tag="852"><subfield code="p">37741400000366</subfield><subfield code="a">Library</subfield><subfield code="9">$0.00</subfield><subfield code="x">COPYID:12090</subfield><subfield code="x">FSC@aVertFile@c19960325</subfield><subfield code="h">FILE</subfield></datafield></record>