
<record><leader>00940nam a2200229 a 4500</leader><controlfield tag="008">960403s1990    hu a     b    000 0 eng d</controlfield><datafield ind1=" " ind2=" " tag="040"><subfield code="a">TxDaGIAL</subfield><subfield code="c">TxDaGIAL</subfield></datafield><datafield ind1="0" ind2=" " tag="041"><subfield code="b">eng</subfield><subfield code="h">hun</subfield></datafield><datafield ind1="1" ind2=" " tag="100"><subfield code="a">Mikl&#243;s, Kontra.</subfield></datafield><datafield ind1="1" ind2="4" tag="240"><subfield code="a">The Hungarian language as spoken in South Bend, Indiana.</subfield></datafield><datafield ind1="1" ind2="0" tag="245"><subfield code="a">Fejezetek a South Bend-i Magyar nyelvhaszn&#225;latb&#243;l /</subfield><subfield code="c">Kontra Mikl&#243;s.</subfield></datafield><datafield ind1=" " ind2=" " tag="260"><subfield code="a">Hungary :</subfield><subfield code="b">Institutum Linguisticum Academiae Scientiarum Hungarica,</subfield><subfield code="c">1990.</subfield></datafield><datafield ind1=" " ind2=" " tag="300"><subfield code="a">p.[181]-188 :</subfield><subfield code="b">ill. ;</subfield><subfield code="c">21 cm.</subfield></datafield><datafield ind1=" " ind2=" " tag="504"><subfield code="a">Bibliographical references p. [189].</subfield></datafield><datafield ind1=" " ind2=" " tag="500"><subfield code="a">Photocopy of English summary.</subfield></datafield><datafield ind1=" " ind2=" " tag="546"><subfield code="a">English summary of Hungarian article.</subfield></datafield><datafield ind1=" " ind2="0" tag="650"><subfield code="a">Hungarian language</subfield><subfield code="x">Linguistic analysis</subfield><subfield code="z">South Bend, Indiana.</subfield></datafield><datafield ind1=" " ind2=" " tag="035"><subfield code="a">(TxDaGIAL)37741400000367</subfield></datafield><controlfield tag="005">20080624162202.0</controlfield><controlfield tag="001">10296</controlfield><controlfield tag="003">TxDaGIAL</controlfield><datafield ind1=" " ind2=" " tag="852"><subfield code="p">37741400000367</subfield><subfield code="a">Library</subfield><subfield code="b">Kenneth L. Pike Coll</subfield><subfield code="9">$0.00</subfield><subfield code="x">COPYID:12091</subfield><subfield code="x">FSC@aVertFile@c19960325</subfield><subfield code="h">FILE</subfield><subfield code="z">Gift, K.L. Pike</subfield></datafield></record>