
<record><leader>00637nam a2200193 a 4500</leader><controlfield tag="008">960410s1985    th a    rb    000 0 eng d</controlfield><datafield ind1=" " ind2=" " tag="040"><subfield code="a">TxDaGIAL</subfield><subfield code="c">TxDaGIAL</subfield></datafield><datafield ind1="1" ind2=" " tag="100"><subfield code="a">Muangnil, Samnieng.</subfield></datafield><datafield ind1="1" ind2="0" tag="245"><subfield code="a">On Thai tone features :</subfield><subfield code="b">a new proposal /</subfield><subfield code="c">Samnieng Muangnil.</subfield></datafield><datafield ind1=" " ind2=" " tag="260"><subfield code="a">[Bangkok :</subfield><subfield code="b">s.n.,</subfield><subfield code="c">1985]</subfield></datafield><datafield ind1=" " ind2=" " tag="300"><subfield code="a">leaves [1]-20 :</subfield><subfield code="b">ill. ;</subfield><subfield code="c">30 cm.</subfield></datafield><datafield ind1=" " ind2=" " tag="504"><subfield code="a">Bibliography: leaves 19-20.</subfield></datafield><datafield ind1=" " ind2=" " tag="500"><subfield code="a">Photocopy.</subfield></datafield><datafield ind1=" " ind2="0" tag="650"><subfield code="a">Thai language</subfield><subfield code="x">Tone (Phonetics)</subfield></datafield><datafield ind1=" " ind2=" " tag="035"><subfield code="a">(TxDaGIAL)37741400000382</subfield></datafield><controlfield tag="005">20080624162203.0</controlfield><controlfield tag="001">10311</controlfield><controlfield tag="003">TxDaGIAL</controlfield><datafield ind1=" " ind2=" " tag="852"><subfield code="p">37741400000382</subfield><subfield code="a">Library</subfield><subfield code="9">$0.00</subfield><subfield code="x">COPYID:12106</subfield><subfield code="x">FSC@aVertFile@c19960325</subfield><subfield code="h">FILE</subfield></datafield></record>