
<record><leader>00643nam a2200193 a 4500</leader><controlfield tag="008">960410s1985    xx a     b    000 0 eng d</controlfield><datafield ind1=" " ind2=" " tag="040"><subfield code="a">TxDaGIAL</subfield><subfield code="c">TxDaGIAL</subfield></datafield><datafield ind1="1" ind2=" " tag="100"><subfield code="a">Muangnil, Samnieng.</subfield></datafield><datafield ind1="1" ind2="2" tag="245"><subfield code="a">A new analysis concerning /b/, /d/, and [g] in Thai /</subfield><subfield code="c">Samieng Muangnil.</subfield></datafield><datafield ind1=" " ind2=" " tag="260"><subfield code="a">[Bangkok :</subfield><subfield code="b">s.n.,</subfield><subfield code="c">1985]</subfield></datafield><datafield ind1=" " ind2=" " tag="300"><subfield code="a">leaves [1]-15 :</subfield><subfield code="b">ill. ;</subfield><subfield code="c">30 cm.</subfield></datafield><datafield ind1=" " ind2=" " tag="504"><subfield code="a">Bibliography: leaves 14-15.</subfield></datafield><datafield ind1=" " ind2=" " tag="500"><subfield code="a">Photocopy.</subfield></datafield><datafield ind1=" " ind2="0" tag="650"><subfield code="a">Thai language</subfield><subfield code="x">Consonants.</subfield></datafield><datafield ind1=" " ind2=" " tag="035"><subfield code="a">(TxDaGIAL)37741400000383</subfield></datafield><controlfield tag="005">20080624162203.0</controlfield><controlfield tag="001">10312</controlfield><controlfield tag="003">TxDaGIAL</controlfield><datafield ind1=" " ind2=" " tag="852"><subfield code="p">37741400000383</subfield><subfield code="a">Library</subfield><subfield code="9">$0.00</subfield><subfield code="x">COPYID:12107</subfield><subfield code="x">FSC@aVertFile@c19960325</subfield><subfield code="h">FILE</subfield></datafield></record>