
<record><leader>00632cam a2200181 a 4500</leader><controlfield tag="008">960410s1985    xx a    r     000 0 eng d</controlfield><datafield ind1=" " ind2=" " tag="040"><subfield code="a">TxDaGIAL</subfield><subfield code="c">TxDaGIAL</subfield><subfield code="d">TxDaGIAL</subfield></datafield><datafield ind1="1" ind2=" " tag="100"><subfield code="a">Mulder, Jan.</subfield></datafield><datafield ind1="1" ind2="2" tag="245"><subfield code="a">A functionalist view of Thai phonology :</subfield><subfield code="b">effective phonological description /</subfield><subfield code="c">Jan Mulder.</subfield></datafield><datafield ind1=" " ind2=" " tag="260"><subfield code="c">[ca. 1985]</subfield></datafield><datafield ind1=" " ind2=" " tag="300"><subfield code="a">leaves [1]-8 :</subfield><subfield code="b">ill. ;</subfield><subfield code="c">30 cm.</subfield></datafield><datafield ind1=" " ind2=" " tag="500"><subfield code="a">Photocopy of ms., partly typewritten.</subfield></datafield><datafield ind1=" " ind2="0" tag="650"><subfield code="a">Thai language</subfield><subfield code="x">Phonology.</subfield></datafield><datafield ind1=" " ind2=" " tag="035"><subfield code="a">(TxDaGIAL)37741400000384</subfield></datafield><controlfield tag="005">20080624162203.0</controlfield><controlfield tag="001">10313</controlfield><controlfield tag="003">TxDaGIAL</controlfield><datafield ind1=" " ind2=" " tag="852"><subfield code="p">37741400000384</subfield><subfield code="a">Library</subfield><subfield code="9">$0.00</subfield><subfield code="x">COPYID:12108</subfield><subfield code="x">FSC@aVertFile@c19960325</subfield><subfield code="h">FILE</subfield></datafield></record>