
<record><leader>00798nam a2200205 a 4500</leader><controlfield tag="008">960411s1970    gw a     b    000 0 eng d</controlfield><datafield ind1=" " ind2=" " tag="040"><subfield code="a">TxDaGIAL</subfield><subfield code="c">TxDaGIAL</subfield></datafield><datafield ind1="1" ind2=" " tag="100"><subfield code="a">Nguy&#771;&#234;n, &#272;&#259;ng Li&#234;m.</subfield></datafield><datafield ind1="1" ind2="0" tag="245"><subfield code="a">Clause units in Vietnamese /</subfield><subfield code="c">Nguy&#771;&#234;n &#272;&#462;ng Li&#234;m.</subfield></datafield><datafield ind1=" " ind2=" " tag="260"><subfield code="a">Berlin :</subfield><subfield code="b">Akademie-Verlag,</subfield><subfield code="c">1970.</subfield></datafield><datafield ind1=" " ind2=" " tag="300"><subfield code="a">p. [20]-30 :</subfield><subfield code="b">ill. ;</subfield><subfield code="c">24 cm.</subfield></datafield><datafield ind1=" " ind2=" " tag="504"><subfield code="a">Includes bibliographical references.</subfield></datafield><datafield ind1=" " ind2=" " tag="500"><subfield code="a">Running title: Clause types in Vietnamese.</subfield></datafield><datafield ind1=" " ind2=" " tag="500"><subfield code="a">Offprint: Zeitschrift f&#252;r phonetik, sprachwissenschaft und kommunikationsforschung 23(1):20-30, 1970.</subfield></datafield><datafield ind1=" " ind2="0" tag="650"><subfield code="a">Vietnamese language</subfield><subfield code="x">Clauses.</subfield></datafield><datafield ind1=" " ind2=" " tag="035"><subfield code="a">(TxDaGIAL)37741400000386</subfield></datafield><controlfield tag="005">20080624162203.0</controlfield><controlfield tag="001">10315</controlfield><controlfield tag="003">TxDaGIAL</controlfield><datafield ind1=" " ind2=" " tag="852"><subfield code="p">37741400000386</subfield><subfield code="a">Library</subfield><subfield code="9">$0.00</subfield><subfield code="x">COPYID:12110</subfield><subfield code="x">FSC@aVertFile@c19960325</subfield><subfield code="h">FILE</subfield></datafield></record>