
<record><leader>00903nam a2200217 a 4500</leader><controlfield tag="008">960411s1985    th a    rb    100 0 eng d</controlfield><datafield ind1=" " ind2=" " tag="040"><subfield code="a">TxDaGIAL</subfield><subfield code="c">TxDaGIAL</subfield></datafield><datafield ind1="0" ind2=" " tag="100"><subfield code="a">Ponlasit Noochoochai.</subfield></datafield><datafield ind1="1" ind2="0" tag="245"><subfield code="a">Temporal aspect in Thai /</subfield><subfield code="c">Ponlasit Noochoochai.</subfield></datafield><datafield ind1=" " ind2=" " tag="260"><subfield code="a">Bangkok :</subfield><subfield code="b">[s.n.,</subfield><subfield code="c">1985]</subfield></datafield><datafield ind1=" " ind2=" " tag="300"><subfield code="a">leaves [1]-29 :</subfield><subfield code="b">ill. ;</subfield><subfield code="c">28 cm.</subfield></datafield><datafield ind1=" " ind2=" " tag="504"><subfield code="a">Bibliography: leaf 29.</subfield></datafield><datafield ind1=" " ind2=" " tag="500"><subfield code="a">Photocopy.</subfield></datafield><datafield ind1=" " ind2=" " tag="500"><subfield code="a">"Paper presented at the 18th International Conference on Sino-Tibetan Languages and Linguintics [sic] ... Bangkok, Thailand, August 27-29, [1985]"--t.p.</subfield></datafield><datafield ind1=" " ind2="0" tag="650"><subfield code="a">Thai language</subfield><subfield code="x">Aspect.</subfield></datafield><datafield ind1="2" ind2="0" tag="711"><subfield code="a">International Conference on Sino-Tibetan Languages and Linguistics</subfield><subfield code="n">(18th :</subfield><subfield code="d">[1985] :</subfield><subfield code="c">Bangkok, Thailand)</subfield></datafield><datafield ind1=" " ind2=" " tag="035"><subfield code="a">(TxDaGIAL)37741400000387</subfield></datafield><controlfield tag="005">20080624162203.0</controlfield><controlfield tag="001">10316</controlfield><controlfield tag="003">TxDaGIAL</controlfield><datafield ind1=" " ind2=" " tag="852"><subfield code="p">37741400000387</subfield><subfield code="a">Library</subfield><subfield code="9">$0.00</subfield><subfield code="x">COPYID:12111</subfield><subfield code="x">FSC@aVertFile@c19960325</subfield><subfield code="h">FILE</subfield></datafield></record>