
<record><leader>00670nam a2200181 a 4500</leader><controlfield tag="008">960411s1972    th a    r     000 0 eng d</controlfield><datafield ind1=" " ind2=" " tag="040"><subfield code="a">TxDaGIAL</subfield><subfield code="c">TxDaGIAL</subfield></datafield><datafield ind1="1" ind2=" " tag="100"><subfield code="a">Noss, Richard B.</subfield></datafield><datafield ind1="1" ind2="0" tag="245"><subfield code="a">Rhythm in Thai /</subfield><subfield code="c">Richard B. Noss.</subfield></datafield><datafield ind1=" " ind2=" " tag="260"><subfield code="a">Bangkok :</subfield><subfield code="b">Central Institute of English language,</subfield><subfield code="c">1972.</subfield></datafield><datafield ind1=" " ind2=" " tag="300"><subfield code="a">p. [33]-42 :</subfield><subfield code="b">ill. ;</subfield><subfield code="c">30 cm.</subfield></datafield><datafield ind1=" " ind2=" " tag="500"><subfield code="a">Photocopy from: Harris, Jimmy G., Richard B. Noss, eds. Tai phonetics and phonology: 33-42, 1972.</subfield></datafield><datafield ind1=" " ind2="0" tag="650"><subfield code="a">Thai language</subfield><subfield code="x">Rhythm.</subfield></datafield><datafield ind1=" " ind2=" " tag="035"><subfield code="a">(TxDaGIAL)37741400000389</subfield></datafield><controlfield tag="005">20080624162204.0</controlfield><controlfield tag="001">10318</controlfield><controlfield tag="003">TxDaGIAL</controlfield><datafield ind1=" " ind2=" " tag="852"><subfield code="p">37741400000389</subfield><subfield code="a">Library</subfield><subfield code="9">$0.00</subfield><subfield code="x">COPYID:12113</subfield><subfield code="x">FSC@aVertFile@c19960325</subfield><subfield code="h">FILE</subfield></datafield></record>