
<record><leader>01000nam a2200205 a 4500</leader><controlfield tag="008">960411s1983    gw a     b    100 0 eng d</controlfield><datafield ind1=" " ind2=" " tag="040"><subfield code="a">TxDaGIAL</subfield><subfield code="c">TxDaGIAL</subfield></datafield><datafield ind1="1" ind2=" " tag="100"><subfield code="a">Omondi, Lucia Ndong'a.</subfield></datafield><datafield ind1="1" ind2="0" tag="245"><subfield code="a">Serial verbs in Dholuo :</subfield><subfield code="b">a transformational analysis /</subfield><subfield code="c">Lucia Ndong'a Omondi.</subfield></datafield><datafield ind1=" " ind2=" " tag="260"><subfield code="a">Berlin :</subfield><subfield code="b">Dietrich Reimer Verlag,</subfield><subfield code="c">1983.</subfield></datafield><datafield ind1=" " ind2=" " tag="300"><subfield code="a">p. 185-206 :</subfield><subfield code="b">ill. ;</subfield><subfield code="c">21 cm.</subfield></datafield><datafield ind1=" " ind2=" " tag="504"><subfield code="a">Bibliography: p. 205-206.</subfield></datafield><datafield ind1=" " ind2=" " tag="500"><subfield code="a">Offprint: Voben, Rainer, Marianne Bechhaus-Gerst, eds., Nilotic studies: proceedings of the International Symposium on Languages and History of the Nilotic Peoples, Cologne, January 4-6, 1982: (K&#246;lner beitr&#228;ge zur Africanistik 10:183-206, 1983).</subfield></datafield><datafield ind1=" " ind2="0" tag="650"><subfield code="a">Luo language</subfield><subfield code="x">Verbs.</subfield></datafield><datafield ind1="2" ind2="0" tag="711"><subfield code="a">International Symposium on Languages and History of the Nilotic People</subfield><subfield code="d">(1982 :</subfield><subfield code="c">Cologne)</subfield></datafield><datafield ind1=" " ind2=" " tag="035"><subfield code="a">(TxDaGIAL)37741400000392</subfield></datafield><controlfield tag="005">20080624162204.0</controlfield><controlfield tag="001">10321</controlfield><controlfield tag="003">TxDaGIAL</controlfield><datafield ind1=" " ind2=" " tag="852"><subfield code="p">37741400000392</subfield><subfield code="a">Library</subfield><subfield code="9">$0.00</subfield><subfield code="x">COPYID:12116</subfield><subfield code="x">FSC@aVertFile@c19960325</subfield><subfield code="h">FILE</subfield></datafield></record>