
<record><leader>00914nam a2200217 a 4500</leader><controlfield tag="008">960412s1985    xx a     b    100 0 eng d</controlfield><datafield ind1=" " ind2=" " tag="040"><subfield code="a">TxDaGIAL</subfield><subfield code="c">TxDaGIAL</subfield></datafield><datafield ind1="0" ind2=" " tag="100"><subfield code="a">Thanyarat Panakul,</subfield><subfield code="d">1946-</subfield></datafield><datafield ind1="1" ind2="0" tag="245"><subfield code="a">Introducing the Thai neutral passive /</subfield><subfield code="c">Thanyarat Panakul.</subfield></datafield><datafield ind1=" " ind2=" " tag="260"><subfield code="a">[Bangkok :</subfield><subfield code="b">s.n.,</subfield><subfield code="c">1985]</subfield></datafield><datafield ind1=" " ind2=" " tag="300"><subfield code="a">13 p. :</subfield><subfield code="b">ill. ;</subfield><subfield code="c">30 cm.</subfield></datafield><datafield ind1=" " ind2=" " tag="504"><subfield code="a">Bibliography: p.11-13.</subfield></datafield><datafield ind1=" " ind2=" " tag="500"><subfield code="a">Photocopy: typescript.</subfield></datafield><datafield ind1=" " ind2=" " tag="500"><subfield code="a">Paper presented at the 18th International Conference on Sino-Tibetan Languages and Linguistics ... Bangkok, Thailand, August 27-29, [1985]</subfield></datafield><datafield ind1=" " ind2="0" tag="650"><subfield code="a">Thai language</subfield><subfield code="x">Passive voice.</subfield></datafield><datafield ind1="2" ind2="0" tag="711"><subfield code="a">International Conference on Sino-Tibetan Languages and Linguistics</subfield><subfield code="n">(18th :</subfield><subfield code="d">[1985] :</subfield><subfield code="c">Bangkok, Thailand)</subfield></datafield><datafield ind1=" " ind2=" " tag="035"><subfield code="a">(TxDaGIAL)37741400000393</subfield></datafield><controlfield tag="005">20080624162204.0</controlfield><controlfield tag="001">10322</controlfield><controlfield tag="003">TxDaGIAL</controlfield><datafield ind1=" " ind2=" " tag="852"><subfield code="p">37741400000393</subfield><subfield code="a">Library</subfield><subfield code="9">$0.00</subfield><subfield code="x">COPYID:12117</subfield><subfield code="x">FSC@aVertFile@c19960325</subfield><subfield code="h">FILE</subfield></datafield></record>