
<record><leader>00809nam a2200205 a 4500</leader><controlfield tag="008">960423s1984    dk a    rb    000 0 eng d</controlfield><datafield ind1=" " ind2=" " tag="040"><subfield code="a">TxDaGIAL</subfield><subfield code="c">TxDaGIAL</subfield></datafield><datafield ind1="1" ind2=" " tag="100"><subfield code="a">Rischel, Jorgen.</subfield></datafield><datafield ind1="1" ind2="2" tag="245"><subfield code="a">A note on work in progress :</subfield><subfield code="b">secondary articulation in Thai stops /</subfield><subfield code="c">Jorgen Rischel and Amon Thavisak.</subfield></datafield><datafield ind1=" " ind2=" " tag="260"><subfield code="a">Copenhagen, Denmark :</subfield><subfield code="b">Institute of Phonetics, University of Copenhagen,</subfield><subfield code="c">1984.</subfield></datafield><datafield ind1=" " ind2=" " tag="300"><subfield code="a">leaves [243]-254 :</subfield><subfield code="b">ill. [leaves 253-254] ;</subfield><subfield code="c">29 cm.</subfield></datafield><datafield ind1=" " ind2=" " tag="504"><subfield code="a">Bibliography: leaves 250-252.</subfield></datafield><datafield ind1=" " ind2=" " tag="500"><subfield code="a">Photocopy from: ARIPUC 18:243-254, 1984.</subfield></datafield><datafield ind1=" " ind2="0" tag="650"><subfield code="a">Thai language</subfield><subfield code="x">Phonetics.</subfield></datafield><datafield ind1="1" ind2="0" tag="700"><subfield code="a">Thavisak, Amon.</subfield></datafield><datafield ind1=" " ind2=" " tag="035"><subfield code="a">(TxDaGIAL)37741400000403</subfield></datafield><controlfield tag="005">20080624162205.0</controlfield><controlfield tag="001">10331</controlfield><controlfield tag="003">TxDaGIAL</controlfield><datafield ind1=" " ind2=" " tag="852"><subfield code="p">37741400000403</subfield><subfield code="a">Library</subfield><subfield code="9">$0.00</subfield><subfield code="x">COPYID:12127</subfield><subfield code="x">FSC@aVertFile@c19960422</subfield><subfield code="h">FILE</subfield></datafield></record>