
<record><leader>00810nam a2200205 a 4500</leader><controlfield tag="008">960423q1978    bl a    rb    000 0 por d</controlfield><datafield ind1=" " ind2=" " tag="040"><subfield code="a">TxDaGIAL</subfield><subfield code="c">TxDaGIAL</subfield></datafield><datafield ind1="1" ind2=" " tag="100"><subfield code="a">Rodrigues, Aryon D.</subfield><subfield code="q">(Dall 'Igna)</subfield></datafield><datafield ind1="1" ind2="2" tag="245"><subfield code="a">O sistema pessoal do Tupinamb&#225; /</subfield><subfield code="c">Aryon D. Rodrigues.</subfield></datafield><datafield ind1=" " ind2=" " tag="260"><subfield code="a">Belo Horizonte, Brazil :</subfield><subfield code="b">Facultade de Letras da Universidade Federal de Menas Geras,</subfield><subfield code="c">[1978]</subfield></datafield><datafield ind1=" " ind2=" " tag="300"><subfield code="a">p. [167]-174 :</subfield><subfield code="b">ill. ;</subfield><subfield code="c">22 cm.</subfield></datafield><datafield ind1=" " ind2=" " tag="504"><subfield code="a">Bibliography: p. 174.</subfield></datafield><datafield ind1=" " ind2=" " tag="500"><subfield code="a">Photocopy from: Liberato, Y.G. e M. Perini (eds.), Ensaios de ling&#252;&#237;stica 1:167-174, 1978.</subfield></datafield><datafield ind1=" " ind2=" " tag="546"><subfield code="a">In Portuguese.</subfield></datafield><datafield ind1=" " ind2="0" tag="650"><subfield code="a">Tupi language</subfield><subfield code="x">Person.</subfield></datafield><datafield ind1=" " ind2=" " tag="035"><subfield code="a">(TxDaGIAL)37741400000406</subfield></datafield><controlfield tag="005">20080624162205.0</controlfield><controlfield tag="001">10334</controlfield><controlfield tag="003">TxDaGIAL</controlfield><datafield ind1=" " ind2=" " tag="852"><subfield code="p">37741400000406</subfield><subfield code="a">Library</subfield><subfield code="9">$0.00</subfield><subfield code="x">COPYID:12130</subfield><subfield code="x">FSC@aVertFile@c19960422</subfield><subfield code="h">FILE</subfield></datafield></record>