
<record><leader>00832nam a2200205 a 4500</leader><controlfield tag="008">960424s1907    paua     b    000 0 eng d</controlfield><datafield ind1=" " ind2=" " tag="040"><subfield code="a">TxDaGIAL</subfield><subfield code="c">TxDaGIAL</subfield></datafield><datafield ind1="1" ind2=" " tag="100"><subfield code="a">Sapir, Edward,</subfield><subfield code="d">1884-1939.</subfield></datafield><datafield ind1="1" ind2="0" tag="245"><subfield code="a">Preliminary report on the language and mythology of the upper Chinook /</subfield><subfield code="c">By Edward Sapir.</subfield></datafield><datafield ind1=" " ind2=" " tag="260"><subfield code="a">Lancaster, Pa. :</subfield><subfield code="b">The New Era Publishing Company,</subfield><subfield code="c">1907.</subfield></datafield><datafield ind1=" " ind2=" " tag="300"><subfield code="a">p. 533-544 :</subfield><subfield code="b">ill. ;</subfield><subfield code="c">25 cm.</subfield></datafield><datafield ind1=" " ind2=" " tag="504"><subfield code="a">Includes bibliographical references.</subfield></datafield><datafield ind1=" " ind2=" " tag="500"><subfield code="a">Offprint: American Anthropologist (N.S.), 9(3):533-544, 1907.</subfield></datafield><datafield ind1=" " ind2="0" tag="650"><subfield code="a">Chinook language.</subfield></datafield><datafield ind1=" " ind2="0" tag="650"><subfield code="a">Chinook Indians</subfield><subfield code="x">Mythology.</subfield></datafield><datafield ind1=" " ind2=" " tag="035"><subfield code="a">(TxDaGIAL)37741400000409</subfield></datafield><controlfield tag="005">20080624162205.0</controlfield><controlfield tag="001">10337</controlfield><controlfield tag="003">TxDaGIAL</controlfield><datafield ind1=" " ind2=" " tag="852"><subfield code="p">37741400000409</subfield><subfield code="a">Library</subfield><subfield code="b">James E. Redden Coll</subfield><subfield code="9">$0.00</subfield><subfield code="x">COPYID:12133</subfield><subfield code="x">FSC@aVertFile@c19960422</subfield><subfield code="h">FILE</subfield><subfield code="z">Gift, J.E. Redden</subfield></datafield></record>