
<record><leader>00763nam a2200193 a 4500</leader><controlfield tag="008">960424s1911    paua     b    000 0 eng d</controlfield><datafield ind1=" " ind2=" " tag="040"><subfield code="a">TxDaGIAL</subfield><subfield code="c">TxDaGIAL</subfield></datafield><datafield ind1="1" ind2=" " tag="100"><subfield code="a">Sapir, Edward,</subfield><subfield code="d">1884-1939.</subfield></datafield><datafield ind1="1" ind2="0" tag="245"><subfield code="a">Some aspects of Nootka language and culture /</subfield><subfield code="c">By Edward Sapir.</subfield></datafield><datafield ind1=" " ind2=" " tag="260"><subfield code="a">Lancaster, Pa. :</subfield><subfield code="b">The New Era Printing Company,</subfield><subfield code="c">1911.</subfield></datafield><datafield ind1=" " ind2=" " tag="300"><subfield code="a">p. 15-28 :</subfield><subfield code="b">ill. ;</subfield><subfield code="c">25 cm.</subfield></datafield><datafield ind1=" " ind2=" " tag="504"><subfield code="a">Includes bibliographical references.</subfield></datafield><datafield ind1=" " ind2=" " tag="500"><subfield code="a">Offprint: American Anthropologist (N.S.) XIII(1):15-28, 1911.</subfield></datafield><datafield ind1=" " ind2="0" tag="650"><subfield code="a">Nootka language.</subfield></datafield><datafield ind1=" " ind2=" " tag="035"><subfield code="a">(TxDaGIAL)37741400000410</subfield></datafield><controlfield tag="005">20080624162205.0</controlfield><controlfield tag="001">10338</controlfield><controlfield tag="003">TxDaGIAL</controlfield><datafield ind1=" " ind2=" " tag="852"><subfield code="p">37741400000410</subfield><subfield code="a">Library</subfield><subfield code="b">James E. Redden Coll</subfield><subfield code="9">$0.00</subfield><subfield code="x">COPYID:12134</subfield><subfield code="x">FSC@aVertFile@c19960422</subfield><subfield code="h">FILE</subfield><subfield code="z">Gift: J.E. Redden 11-91</subfield></datafield></record>