
<record><leader>00826nam a2200205 a 4500</leader><controlfield tag="008">960502s1984    xx a    rb    100 0 eng d</controlfield><datafield ind1=" " ind2=" " tag="040"><subfield code="a">TxDaGIAL</subfield><subfield code="c">TxDaGIAL</subfield></datafield><datafield ind1="0" ind2=" " tag="100"><subfield code="a">Theraphan L. Thongkum.</subfield></datafield><datafield ind1="1" ind2="0" tag="245"><subfield code="a">Rhythmic groups and stress groups in Thai /</subfield><subfield code="c">by Theraphan L. Thongkum.</subfield></datafield><datafield ind1=" " ind2=" " tag="260"><subfield code="a">Bangkok :</subfield><subfield code="b">[S.l.],</subfield><subfield code="c">1984.</subfield></datafield><datafield ind1=" " ind2=" " tag="300"><subfield code="a">10 leaves :</subfield><subfield code="b">ill. ;</subfield><subfield code="c">30 cm.</subfield></datafield><datafield ind1=" " ind2=" " tag="504"><subfield code="a">Bibliography: leaves 8-10.</subfield></datafield><datafield ind1=" " ind2=" " tag="500"><subfield code="a">Presented at the International Conference on Thai Studies, Bangkok, 22-24 August, 1984:1-10.</subfield></datafield><datafield ind1=" " ind2="0" tag="650"><subfield code="a">Thai language</subfield><subfield code="x">Accents and accentuation.</subfield></datafield><datafield ind1="2" ind2="0" tag="711"><subfield code="a">International Conference on Thai Studies</subfield><subfield code="d">(August 22-24, 1984 :</subfield><subfield code="c">Bangkok)</subfield></datafield><datafield ind1=" " ind2=" " tag="035"><subfield code="a">(TxDaGIAL)37741400000420</subfield></datafield><controlfield tag="005">20080624162206.0</controlfield><controlfield tag="001">10345</controlfield><controlfield tag="003">TxDaGIAL</controlfield><datafield ind1=" " ind2=" " tag="852"><subfield code="p">37741400000420</subfield><subfield code="a">Library</subfield><subfield code="9">$0.00</subfield><subfield code="x">COPYID:12142</subfield><subfield code="x">FSC@aVertFile@c19960429</subfield><subfield code="h">FILE</subfield></datafield></record>