
<record><leader>00715nam a2200193 a 4500</leader><controlfield tag="008">960506s1979    gw a    rb    000 0 eng d</controlfield><datafield ind1=" " ind2=" " tag="040"><subfield code="a">TxDaGIAL</subfield><subfield code="c">TxDaGIAL</subfield></datafield><datafield ind1="1" ind2=" " tag="100"><subfield code="a">Tsumura, D.T.</subfield><subfield code="q">(David Toshio)</subfield></datafield><datafield ind1="1" ind2="4" tag="245"><subfield code="a">The verba primae waw, wld, in Ugaritic /</subfield><subfield code="c">D.T. Tsumura.</subfield></datafield><datafield ind1=" " ind2=" " tag="260"><subfield code="a">Kevelaer, Germany :</subfield><subfield code="b">Butzon &amp; Bercker,</subfield><subfield code="c">1979.</subfield></datafield><datafield ind1=" " ind2=" " tag="300"><subfield code="a">leaves [779]-782 ;</subfield><subfield code="c">30 cm.</subfield></datafield><datafield ind1=" " ind2=" " tag="504"><subfield code="a">Includes bibliographical references.</subfield></datafield><datafield ind1=" " ind2=" " tag="500"><subfield code="a">Photocopy from: Ugarit-Forschungen 11:779-782, 1979.</subfield></datafield><datafield ind1=" " ind2="0" tag="650"><subfield code="a">Ugaritic language</subfield><subfield code="x">Word  (Linguistics)</subfield></datafield><datafield ind1=" " ind2=" " tag="035"><subfield code="a">(TxDaGIAL)37741400000425</subfield></datafield><controlfield tag="005">20080624162206.0</controlfield><controlfield tag="001">10350</controlfield><controlfield tag="003">TxDaGIAL</controlfield><datafield ind1=" " ind2=" " tag="852"><subfield code="p">37741400000425</subfield><subfield code="a">Library</subfield><subfield code="9">$0.00</subfield><subfield code="x">COPYID:12147</subfield><subfield code="x">FSC@aVertFile@c19960429</subfield><subfield code="h">FILE</subfield></datafield></record>