
<record><leader>00650cam a2200193 a 4500</leader><controlfield tag="008">960510s1975    xx a    rb    000 0 eng d</controlfield><datafield ind1=" " ind2=" " tag="040"><subfield code="a">TxDaGIAL</subfield><subfield code="c">TxDaGIAL</subfield><subfield code="d">TxDaGIAL</subfield></datafield><datafield ind1="0" ind2=" " tag="100"><subfield code="a">Udom Warotamasikkhadit.</subfield></datafield><datafield ind1="1" ind2="0" tag="245"><subfield code="a">Dependency of underlying structure and final particles in Thai /</subfield><subfield code="c">Udom Warotamasikkhadit.</subfield></datafield><datafield ind1=" " ind2=" " tag="260"><subfield code="c">[ca. 1975]</subfield></datafield><datafield ind1=" " ind2=" " tag="300"><subfield code="a">10 leaves :</subfield><subfield code="b">ill. ;</subfield><subfield code="c">30 cm.</subfield></datafield><datafield ind1=" " ind2=" " tag="504"><subfield code="a">Bibliography: leaf 10.</subfield></datafield><datafield ind1=" " ind2=" " tag="500"><subfield code="a">Photocopy.</subfield></datafield><datafield ind1=" " ind2="0" tag="650"><subfield code="a">Thai language</subfield><subfield code="x">Particles.</subfield></datafield><datafield ind1=" " ind2=" " tag="035"><subfield code="a">(TxDaGIAL)37741400000430</subfield></datafield><controlfield tag="005">20080624162207.0</controlfield><controlfield tag="001">10355</controlfield><controlfield tag="003">TxDaGIAL</controlfield><datafield ind1=" " ind2=" " tag="852"><subfield code="p">37741400000430</subfield><subfield code="a">Library</subfield><subfield code="9">$0.00</subfield><subfield code="x">COPYID:12152</subfield><subfield code="x">FSC@aVertFile@c19960429</subfield><subfield code="h">FILE</subfield></datafield></record>