
<record><leader>00847nam a2200193 a 4500</leader><controlfield tag="008">960510s1990    txua    r     100 0 eng d</controlfield><datafield ind1=" " ind2=" " tag="040"><subfield code="a">TxDaGIAL</subfield><subfield code="c">TxDaGIAL</subfield></datafield><datafield ind1="0" ind2=" " tag="100"><subfield code="a">Udom Warotamasikkhadit.</subfield></datafield><datafield ind1="1" ind2="0" tag="245"><subfield code="a">Directional verbs in Thai /</subfield><subfield code="c">Udom Warotamasikkhadit.</subfield></datafield><datafield ind1=" " ind2=" " tag="260"><subfield code="a">Arlington, Tex. :</subfield><subfield code="b">University of Texas at Arlington,</subfield><subfield code="c">1990.</subfield></datafield><datafield ind1=" " ind2=" " tag="300"><subfield code="a">6 leaves :</subfield><subfield code="b">ill. ;</subfield><subfield code="c">30 cm.</subfield></datafield><datafield ind1=" " ind2=" " tag="500"><subfield code="a">Photocopy: Paper presented at the 23rd International Conference on Sino-Tibetan languages and linguistics, UTA, October 3-7, 1990.</subfield></datafield><datafield ind1=" " ind2="0" tag="650"><subfield code="a">Thai language</subfield><subfield code="x">Verbs.</subfield></datafield><datafield ind1="2" ind2="0" tag="711"><subfield code="a">International Conference on Sino-Tibetan Languages and Linguistics</subfield><subfield code="n">(23rd :</subfield><subfield code="d">1990 :</subfield><subfield code="c">Arlington, Texas)</subfield></datafield><datafield ind1=" " ind2=" " tag="035"><subfield code="a">(TxDaGIAL)37741400000431</subfield></datafield><controlfield tag="005">20080624162207.0</controlfield><controlfield tag="001">10356</controlfield><controlfield tag="003">TxDaGIAL</controlfield><datafield ind1=" " ind2=" " tag="852"><subfield code="p">37741400000431</subfield><subfield code="a">Library</subfield><subfield code="9">$0.00</subfield><subfield code="x">COPYID:12153</subfield><subfield code="x">FSC@aVertFile@c19960429</subfield><subfield code="h">FILE</subfield></datafield></record>