
<record><leader>00770nam a2200205 a 4500</leader><controlfield tag="008">960510s1975    caua    rb    100 0 eng d</controlfield><datafield ind1=" " ind2=" " tag="040"><subfield code="a">TxDaGIAL</subfield><subfield code="c">TxDaGIAL</subfield></datafield><datafield ind1="0" ind2=" " tag="100"><subfield code="a">Udom Warotamasikkhadit.</subfield></datafield><datafield ind1="1" ind2="0" tag="245"><subfield code="a">Peculiarities of the Thai substantive verb pen &quot;i&#250;u&quot;. /</subfield><subfield code="c">Udom Warotamasikkhadit.</subfield></datafield><datafield ind1=" " ind2=" " tag="260"><subfield code="a">Berkeley, Calif. :</subfield><subfield code="b">[S.n.],</subfield><subfield code="c">1975.</subfield></datafield><datafield ind1=" " ind2=" " tag="300"><subfield code="a">9 leaves :</subfield><subfield code="b">ill. ;</subfield><subfield code="c">30 cm.</subfield></datafield><datafield ind1=" " ind2=" " tag="504"><subfield code="a">Bibliography: leaf 9.</subfield></datafield><datafield ind1=" " ind2=" " tag="500"><subfield code="a">Photocopy.</subfield></datafield><datafield ind1=" " ind2="0" tag="650"><subfield code="a">Thai language</subfield><subfield code="x">Verbs.</subfield></datafield><datafield ind1="2" ind2="0" tag="711"><subfield code="a">International Conference on Sino-Tibetan Languages and Linguistics</subfield><subfield code="n">(Eighth :</subfield><subfield code="d">1975 :</subfield><subfield code="c">Berkeley, Calif)</subfield></datafield><datafield ind1=" " ind2=" " tag="035"><subfield code="a">(TxDaGIAL)37741400000433</subfield></datafield><controlfield tag="005">20080624162207.0</controlfield><controlfield tag="001">10358</controlfield><controlfield tag="003">TxDaGIAL</controlfield><datafield ind1=" " ind2=" " tag="852"><subfield code="p">37741400000433</subfield><subfield code="a">Library</subfield><subfield code="9">$0.00</subfield><subfield code="x">COPYID:12155</subfield><subfield code="x">FSC@aVertFile@c19960429</subfield><subfield code="h">FILE</subfield></datafield></record>