
<record><leader>00851nam a2200193 a 4500</leader><controlfield tag="008">960510s1992    ne a     b    000 0 eng d</controlfield><datafield ind1=" " ind2=" " tag="040"><subfield code="a">TxDaGIAL</subfield><subfield code="c">TxDaGIAL</subfield></datafield><datafield ind1="1" ind2=" " tag="100"><subfield code="a">Uhlenbeck, E. M.,</subfield><subfield code="d">1913-</subfield></datafield><datafield ind1="1" ind2="0" tag="245"><subfield code="a">Some critical remarks on a recent interpretation of a sentence from the old Javanese Tantri Kamandaka /</subfield><subfield code="c">E.M. Uhlenbeck.</subfield></datafield><datafield ind1=" " ind2=" " tag="260"><subfield code="a">Leiden, the Netherlands :</subfield><subfield code="b">Royal Institute of Linguistics and Anthropology,</subfield><subfield code="c">1992.</subfield></datafield><datafield ind1=" " ind2=" " tag="300"><subfield code="a">p. [262]-269 :</subfield><subfield code="b">ill. ;</subfield><subfield code="c">24 cm.</subfield></datafield><datafield ind1=" " ind2=" " tag="504"><subfield code="a">Bibliography: p. 269.</subfield></datafield><datafield ind1=" " ind2=" " tag="500"><subfield code="a">Offprint: Bijdragen, Journal of the Royal Institute of Linguistics and Anthropology 148:262-269, 1992.</subfield></datafield><datafield ind1=" " ind2="0" tag="650"><subfield code="a">Javanese language</subfield><subfield code="x">Sentences (Grammar)</subfield></datafield><datafield ind1=" " ind2=" " tag="035"><subfield code="a">(TxDaGIAL)37741400000435</subfield></datafield><controlfield tag="005">20080624162207.0</controlfield><controlfield tag="001">10360</controlfield><controlfield tag="003">TxDaGIAL</controlfield><datafield ind1=" " ind2=" " tag="852"><subfield code="p">37741400000435</subfield><subfield code="a">Library</subfield><subfield code="9">$0.00</subfield><subfield code="x">COPYID:12157</subfield><subfield code="x">FSC@aVertFile@c19960429</subfield><subfield code="h">FILE</subfield></datafield></record>