
<record><leader>00720cam a2200205 a 4500</leader><controlfield tag="008">960510s1978    xx a    rb    100 0 eng d</controlfield><datafield ind1=" " ind2=" " tag="040"><subfield code="a">TxDaGIAL</subfield><subfield code="c">TxDaGIAL</subfield><subfield code="d">TxDaGIAL</subfield></datafield><datafield ind1="1" ind2=" " tag="100"><subfield code="a">Battamaskha, S.</subfield></datafield><datafield ind1="1" ind2="4" tag="245"><subfield code="a">The verb phrase in Thai clauses /</subfield><subfield code="c">Battamaskha, S.</subfield></datafield><datafield ind1=" " ind2=" " tag="260"><subfield code="c">[1978]</subfield></datafield><datafield ind1=" " ind2=" " tag="300"><subfield code="a">15 p. :</subfield><subfield code="b">ill. ;</subfield><subfield code="c">30 cm.</subfield></datafield><datafield ind1=" " ind2=" " tag="504"><subfield code="a">Includes bibliographical references.</subfield></datafield><datafield ind1=" " ind2=" " tag="500"><subfield code="a">Photocopy from: [Mahidol Linguistic Seminar, Feb., 1978:1-15]</subfield></datafield><datafield ind1=" " ind2="0" tag="650"><subfield code="a">Thai language</subfield><subfield code="x">Clauses.</subfield></datafield><datafield ind1="2" ind2="0" tag="711"><subfield code="a">Mahidol linguistic seminar</subfield><subfield code="d">(1978 :</subfield><subfield code="c">Bangkok)</subfield></datafield><datafield ind1=" " ind2=" " tag="035"><subfield code="a">(TxDaGIAL)37741400000436</subfield></datafield><controlfield tag="005">20080624162208.0</controlfield><controlfield tag="001">10361</controlfield><controlfield tag="003">TxDaGIAL</controlfield><datafield ind1=" " ind2=" " tag="852"><subfield code="p">37741400000436</subfield><subfield code="a">Library</subfield><subfield code="9">$0.00</subfield><subfield code="x">COPYID:12158</subfield><subfield code="x">FSC@aVertFile@c19960429</subfield><subfield code="h">FILE</subfield></datafield></record>