
<record><leader>00866cam a2200205 a 4500</leader><controlfield tag="008">960513s1981    xx a    rb    100 0 eng d</controlfield><datafield ind1=" " ind2=" " tag="040"><subfield code="a">TxDaGIAL</subfield><subfield code="c">TxDaGIAL</subfield><subfield code="d">TxDaGIAL</subfield></datafield><datafield ind1="1" ind2=" " tag="100"><subfield code="a">Verhaar, John W. M.</subfield></datafield><datafield ind1="1" ind2="0" tag="245"><subfield code="a">On the syntax of "yang" in Indonesian /</subfield><subfield code="c">John W.M. Verhaar.</subfield></datafield><datafield ind1=" " ind2=" " tag="260"><subfield code="c">[ca. 1981]</subfield></datafield><datafield ind1=" " ind2=" " tag="300"><subfield code="a">21 leaves :</subfield><subfield code="b">ill. ;</subfield><subfield code="c">32 cm.</subfield></datafield><datafield ind1=" " ind2=" " tag="504"><subfield code="a">Bibliography: leaf 21.</subfield></datafield><datafield ind1=" " ind2=" " tag="500"><subfield code="a">Photocopy: typescript prepared for the Third International Congress of Austronesian Linguistics, Bali, 1981]</subfield></datafield><datafield ind1=" " ind2="0" tag="650"><subfield code="a">Indonesian language</subfield><subfield code="x">Particles.</subfield></datafield><datafield ind1="2" ind2="0" tag="711"><subfield code="a">[International Congress of Austronesian Linguistics</subfield><subfield code="n">(third :</subfield><subfield code="d">Jan. 19-26, 1981 :</subfield><subfield code="c">Bali)])</subfield></datafield><datafield ind1=" " ind2=" " tag="035"><subfield code="a">(TxDaGIAL)37741400000438</subfield></datafield><controlfield tag="005">20080624162209.0</controlfield><controlfield tag="001">10363</controlfield><controlfield tag="003">TxDaGIAL</controlfield><datafield ind1=" " ind2=" " tag="852"><subfield code="p">37741400000438</subfield><subfield code="a">Library</subfield><subfield code="b">Kenneth L. Pike Coll</subfield><subfield code="9">$0.00</subfield><subfield code="x">COPYID:12160</subfield><subfield code="x">FSC@aVertFile@c19960429</subfield><subfield code="h">FILE</subfield><subfield code="z">Gift, K.L. Pike</subfield></datafield></record>