
<record><leader>00627cam a2200181 a 4500</leader><controlfield tag="008">960513s1972    xx a    r     000 0 eng d</controlfield><datafield ind1=" " ind2=" " tag="040"><subfield code="a">TxDaGIAL</subfield><subfield code="c">TxDaGIAL</subfield><subfield code="d">TxDaGIAL</subfield></datafield><datafield ind1="1" ind2=" " tag="100"><subfield code="a">Voeltz, Erhard F.K.</subfield><subfield code="q">(Friedrich Karl),</subfield><subfield code="d">1943-</subfield></datafield><datafield ind1="1" ind2="4" tag="245"><subfield code="a">The applied in Kenyang /</subfield><subfield code="c">F.K. Erhard Voeltz.</subfield></datafield><datafield ind1=" " ind2=" " tag="260"><subfield code="c">[ca. 1972]</subfield></datafield><datafield ind1=" " ind2=" " tag="300"><subfield code="a">4 p. (unpaged) :</subfield><subfield code="b">ill. ;</subfield><subfield code="c">28 cm.</subfield></datafield><datafield ind1=" " ind2=" " tag="500"><subfield code="a">Mimeograph.</subfield></datafield><datafield ind1=" " ind2="0" tag="650"><subfield code="a">Anyang language.</subfield></datafield><datafield ind1=" " ind2=" " tag="035"><subfield code="a">(TxDaGIAL)37741400000439</subfield></datafield><controlfield tag="005">20080624162209.0</controlfield><controlfield tag="001">10364</controlfield><controlfield tag="003">TxDaGIAL</controlfield><datafield ind1=" " ind2=" " tag="852"><subfield code="p">37741400000439</subfield><subfield code="a">Library</subfield><subfield code="b">James E. Redden Coll</subfield><subfield code="9">$0.00</subfield><subfield code="x">COPYID:12161</subfield><subfield code="x">FSC@aVertFile@c19960429</subfield><subfield code="h">FILE</subfield><subfield code="z">Gift, J.E. Redden</subfield></datafield></record>