
<record><leader>00894nam a2200205 a 4500</leader><controlfield tag="008">960513s1985    th a     b    100 0 eng d</controlfield><datafield ind1=" " ind2=" " tag="040"><subfield code="a">TxDaGIAL</subfield><subfield code="c">TxDaGIAL</subfield></datafield><datafield ind1="1" ind2=" " tag="100"><subfield code="a">Vongvipanond, Peansiri E.</subfield></datafield><datafield ind1="1" ind2="0" tag="245"><subfield code="a">Lexicological significance of semantic doublets in Thai /</subfield><subfield code="c">Peansiri E. Vongvipanond.</subfield></datafield><datafield ind1=" " ind2=" " tag="260"><subfield code="a">Bangkok :</subfield><subfield code="b">[S.n.,</subfield><subfield code="c">ca. 1985]</subfield></datafield><datafield ind1=" " ind2=" " tag="300"><subfield code="a">10 p. :</subfield><subfield code="b">ill. ;</subfield><subfield code="c">30 cm.</subfield></datafield><datafield ind1=" " ind2=" " tag="504"><subfield code="a">Bibliography: p. 10.</subfield></datafield><datafield ind1=" " ind2=" " tag="500"><subfield code="a">Photocopy: Paper presented at the 18th International Conference on Sino-Tibetan Languages and Linguistics, August 17-18, 1985, Bangkok, Thailand.</subfield></datafield><datafield ind1=" " ind2="0" tag="650"><subfield code="a">Thai language</subfield><subfield code="x">Semantics.</subfield></datafield><datafield ind1="2" ind2="0" tag="711"><subfield code="a">International Conference on Sino-Tibetan Languages and Linguistics</subfield><subfield code="n">(18th :</subfield><subfield code="d">1985 :</subfield><subfield code="c">Bangkok)</subfield></datafield><datafield ind1=" " ind2=" " tag="035"><subfield code="a">(TxDaGIAL)37741400000440</subfield></datafield><controlfield tag="005">20080624162209.0</controlfield><controlfield tag="001">10365</controlfield><controlfield tag="003">TxDaGIAL</controlfield><datafield ind1=" " ind2=" " tag="852"><subfield code="p">37741400000440</subfield><subfield code="a">Library</subfield><subfield code="9">$0.00</subfield><subfield code="x">COPYID:12162</subfield><subfield code="x">FSC@aVertFile@c19960429</subfield><subfield code="h">FILE</subfield></datafield></record>