
<record><leader>00821nam a2200205 a 4500</leader><controlfield tag="008">960514s1986    miua    rb    010 0 eng d</controlfield><datafield ind1=" " ind2=" " tag="040"><subfield code="a">TxDaGIAL</subfield><subfield code="c">TxDaGIAL</subfield></datafield><datafield ind1="0" ind2=" " tag="100"><subfield code="a">Patcharin Peyasantiwong.</subfield></datafield><datafield ind1="1" ind2="0" tag="245"><subfield code="a">Stress in Thai /</subfield><subfield code="c">Patcharin Peyasantiwong.</subfield></datafield><datafield ind1=" " ind2=" " tag="260"><subfield code="a">Ann Arbor, Mich. :</subfield><subfield code="b">University of Michigan,</subfield><subfield code="c">1986.</subfield></datafield><datafield ind1=" " ind2=" " tag="300"><subfield code="a">p.211-230 :</subfield><subfield code="b">ill. ;</subfield><subfield code="c">21 cm.</subfield></datafield><datafield ind1=" " ind2=" " tag="504"><subfield code="a">Bibliography: p. 229-230.</subfield></datafield><datafield ind1=" " ind2=" " tag="500"><subfield code="a">Photocopy: Papers from a conference on Thai studies in honor of William J. Gedney: Michigan papers on South and Southeast Asia 25:211-230, 1986.</subfield></datafield><datafield ind1="1" ind2="0" tag="600"><subfield code="a">Gedney, William J.</subfield></datafield><datafield ind1=" " ind2="0" tag="650"><subfield code="a">Thai language</subfield><subfield code="x">Accents and accentuation.</subfield></datafield><datafield ind1=" " ind2=" " tag="035"><subfield code="a">(TxDaGIAL)37741400000445</subfield></datafield><controlfield tag="005">20080624162210.0</controlfield><controlfield tag="001">10370</controlfield><controlfield tag="003">TxDaGIAL</controlfield><datafield ind1=" " ind2=" " tag="852"><subfield code="p">37741400000445</subfield><subfield code="a">Library</subfield><subfield code="9">$0.00</subfield><subfield code="x">COPYID:12167</subfield><subfield code="x">FSC@aVertFile@c19960429</subfield><subfield code="h">FILE</subfield></datafield></record>