
<record><leader>00680cam a2200181 a 4500</leader><controlfield tag="008">960514s1970    xx a    r     000 0 eng d</controlfield><datafield ind1=" " ind2=" " tag="040"><subfield code="a">TxDaGIAL</subfield><subfield code="c">TxDaGIAL</subfield><subfield code="d">TxDaGIAL</subfield></datafield><datafield ind1="1" ind2=" " tag="100"><subfield code="a">Welmers, Wm. E.</subfield><subfield code="q">(William Everett),</subfield><subfield code="d">1916-</subfield></datafield><datafield ind1="1" ind2="0" tag="245"><subfield code="a">Some suggestions on the orthography of the More language /</subfield><subfield code="c">By Prof. Wm E. Welmers.</subfield></datafield><datafield ind1=" " ind2=" " tag="260"><subfield code="c">[ca. 1970]</subfield></datafield><datafield ind1=" " ind2=" " tag="300"><subfield code="a">9 p. :</subfield><subfield code="b">ill. ;</subfield><subfield code="c">28 cm.</subfield></datafield><datafield ind1=" " ind2=" " tag="500"><subfield code="a">Mimeographed.</subfield></datafield><datafield ind1=" " ind2="0" tag="650"><subfield code="a">Moor&#233; language</subfield><subfield code="x">Orthography and spelling.</subfield></datafield><datafield ind1=" " ind2=" " tag="035"><subfield code="a">(TxDaGIAL)37741400000447</subfield></datafield><controlfield tag="005">20080624162210.0</controlfield><controlfield tag="001">10372</controlfield><controlfield tag="003">TxDaGIAL</controlfield><datafield ind1=" " ind2=" " tag="852"><subfield code="p">37741400000447</subfield><subfield code="a">Library</subfield><subfield code="b">James E. Redden Coll</subfield><subfield code="9">$0.00</subfield><subfield code="x">COPYID:12169</subfield><subfield code="x">FSC@aVertFile@c19960429</subfield><subfield code="h">FILE</subfield><subfield code="z">Gift, J.E. Redden</subfield></datafield></record>