
<record><leader>00761cam a2200193 a 4500</leader><controlfield tag="008">960515s1988    xx      rb    000 0 eng d</controlfield><datafield ind1=" " ind2=" " tag="040"><subfield code="a">TxDaGIAL</subfield><subfield code="c">TxDaGIAL</subfield><subfield code="d">TxDaGIAL</subfield></datafield><datafield ind1="1" ind2=" " tag="100"><subfield code="a">Cao, Xu&#226;n H&#7841;o.</subfield></datafield><datafield ind1="1" ind2="4" tag="245"><subfield code="a">The count/mass distinction in Vietnamese and the concept of "classifier" /</subfield><subfield code="c">Xuan Hao Cao.</subfield></datafield><datafield ind1=" " ind2=" " tag="260"><subfield code="c">[ca. 1988].</subfield></datafield><datafield ind1=" " ind2=" " tag="300"><subfield code="a">20 p. ;</subfield><subfield code="c">21 cm.</subfield></datafield><datafield ind1=" " ind2=" " tag="504"><subfield code="a">Includes bibliographical references.</subfield></datafield><datafield ind1=" " ind2=" " tag="500"><subfield code="a">Typescript: Appeared in Zeitschrift f&#252;r phonetik, sprachwissenschaft und kommunikationsforschung 41(1):38-47, 1988.</subfield></datafield><datafield ind1=" " ind2="0" tag="650"><subfield code="a">Vietnamese language</subfield><subfield code="x">Classifiers.</subfield></datafield><datafield ind1=" " ind2=" " tag="035"><subfield code="a">(TxDaGIAL)37741400000458</subfield></datafield><controlfield tag="005">20080624162211.0</controlfield><controlfield tag="001">10382</controlfield><controlfield tag="003">TxDaGIAL</controlfield><datafield ind1=" " ind2=" " tag="852"><subfield code="p">37741400000458</subfield><subfield code="a">Library</subfield><subfield code="9">$0.00</subfield><subfield code="x">COPYID:12179</subfield><subfield code="x">FSC@aVertFile@c19960429</subfield><subfield code="h">FILE</subfield></datafield></record>