
<record><leader>00700nam a2200193 a 4500</leader><controlfield tag="008">960523s1972    ne a     b    000 0 eng d</controlfield><datafield ind1=" " ind2=" " tag="040"><subfield code="a">TxDaGIAL</subfield><subfield code="c">TxDaGIAL</subfield></datafield><datafield ind1="1" ind2=" " tag="100"><subfield code="a">Boadi, L. K. A.</subfield><subfield code="q">(Lawrence Kwadwo A.)</subfield></datafield><datafield ind1="1" ind2="0" tag="245"><subfield code="a">Sentential complements in Akan /</subfield><subfield code="c">L.A. Boadi.</subfield></datafield><datafield ind1=" " ind2=" " tag="260"><subfield code="a">Amsterdam :</subfield><subfield code="b">North-Holland,</subfield><subfield code="c">1972.</subfield></datafield><datafield ind1=" " ind2=" " tag="300"><subfield code="a">p. 128-172 :</subfield><subfield code="b">ill. ;</subfield><subfield code="c">25 cm.</subfield></datafield><datafield ind1=" " ind2=" " tag="504"><subfield code="a">Bibliography: p. 172.</subfield></datafield><datafield ind1=" " ind2=" " tag="500"><subfield code="a">Offprint: Lingua 29(2):128-172, 1972.</subfield></datafield><datafield ind1=" " ind2="0" tag="650"><subfield code="a">Akan language</subfield><subfield code="x">Sentences.</subfield></datafield><datafield ind1=" " ind2=" " tag="035"><subfield code="a">(TxDaGIAL)37741400000463</subfield></datafield><controlfield tag="005">20080624162212.0</controlfield><controlfield tag="001">10387</controlfield><controlfield tag="003">TxDaGIAL</controlfield><datafield ind1=" " ind2=" " tag="852"><subfield code="p">37741400000463</subfield><subfield code="a">Library</subfield><subfield code="b">Kenneth L. Pike Coll</subfield><subfield code="9">$0.00</subfield><subfield code="x">COPYID:12184</subfield><subfield code="x">FSC@aVertFile@c19960429</subfield><subfield code="h">FILE</subfield><subfield code="z">Gift, K.L. Pike</subfield></datafield></record>