
<record><leader>00704nam a2200193 a 4500</leader><controlfield tag="008">960523s1991    hiua     b    000 0 eng d</controlfield><datafield ind1=" " ind2=" " tag="040"><subfield code="a">TxDaGIAL</subfield><subfield code="c">TxDaGIAL</subfield></datafield><datafield ind1="1" ind2=" " tag="100"><subfield code="a">French, Koleen Matsuda.</subfield></datafield><datafield ind1="1" ind2="0" tag="245"><subfield code="a">Secondary stress in Tagalog /</subfield><subfield code="c">Koleen Matsuda French.</subfield></datafield><datafield ind1=" " ind2=" " tag="260"><subfield code="a">Honolulu :</subfield><subfield code="b">University of Hawaii Press,</subfield><subfield code="c">1991.</subfield></datafield><datafield ind1=" " ind2=" " tag="300"><subfield code="a">p. [157]-178 :</subfield><subfield code="b">ill. ;</subfield><subfield code="c">23 cm.</subfield></datafield><datafield ind1=" " ind2=" " tag="504"><subfield code="a">Bibliography: p. 177-178.</subfield></datafield><datafield ind1=" " ind2=" " tag="500"><subfield code="a">Offprint: Oceanic linguistics 30(2):157-178, 1991.</subfield></datafield><datafield ind1=" " ind2="0" tag="650"><subfield code="a">Tagalog language</subfield><subfield code="x">Accents and accentuation.</subfield></datafield><datafield ind1=" " ind2=" " tag="035"><subfield code="a">(TxDaGIAL)37741400000464</subfield></datafield><controlfield tag="005">20080624162212.0</controlfield><controlfield tag="001">10388</controlfield><controlfield tag="003">TxDaGIAL</controlfield><datafield ind1=" " ind2=" " tag="852"><subfield code="p">37741400000464</subfield><subfield code="a">Library</subfield><subfield code="9">$0.00</subfield><subfield code="x">COPYID:12185</subfield><subfield code="x">FSC@aVertFile@c19960429</subfield><subfield code="h">FILE</subfield></datafield></record>