
<record><leader>00878nam a2200205 a 4500</leader><controlfield tag="008">960523s1992    at a     b    010 0 eng d</controlfield><datafield ind1=" " ind2=" " tag="040"><subfield code="a">TxDaGIAL</subfield><subfield code="c">TxDaGIAL</subfield></datafield><datafield ind1="1" ind2=" " tag="100"><subfield code="a">Uhlenbeck, E. M.,</subfield><subfield code="d">1913-</subfield></datafield><datafield ind1="1" ind2="0" tag="245"><subfield code="a">Antonymic processes within the system of Javanese adjectives /</subfield><subfield code="c">E.M. Uhlenbeck.</subfield></datafield><datafield ind1=" " ind2=" " tag="260"><subfield code="a">Canberra :</subfield><subfield code="b">Australian National University,</subfield><subfield code="c">1992.</subfield></datafield><datafield ind1=" " ind2=" " tag="300"><subfield code="a">p.[491]-500 :</subfield><subfield code="b">ill. ;</subfield><subfield code="c">26 cm.</subfield></datafield><datafield ind1=" " ind2=" " tag="504"><subfield code="a">Includes bibliographical references.</subfield></datafield><datafield ind1=" " ind2=" " tag="500"><subfield code="a">Offprint: Dutton, Tom, Malcolm Ross and Darrell Tryon,(eds.)The language game: papers in memory of Donald C. Laycock, 491-500,  Pacific linguistics, C-110, 1992.</subfield></datafield><datafield ind1="1" ind2="0" tag="600"><subfield code="a">Laycock, Donald C.</subfield></datafield><datafield ind1=" " ind2="0" tag="650"><subfield code="a">Javanese language</subfield><subfield code="x">Adjectives.</subfield></datafield><datafield ind1=" " ind2=" " tag="035"><subfield code="a">(TxDaGIAL)37741400000466</subfield></datafield><controlfield tag="005">20080624162212.0</controlfield><controlfield tag="001">10390</controlfield><controlfield tag="003">TxDaGIAL</controlfield><datafield ind1=" " ind2=" " tag="852"><subfield code="p">37741400000466</subfield><subfield code="a">Library</subfield><subfield code="9">$0.00</subfield><subfield code="x">COPYID:12187</subfield><subfield code="x">FSC@aVertFile@c19960429</subfield><subfield code="h">FILE</subfield></datafield></record>