
<record><leader>00877nam a2200217 a 4500</leader><controlfield tag="008">960523s1982    paua     b    000 0 eng d</controlfield><datafield ind1=" " ind2=" " tag="040"><subfield code="a">TxDaGIAL</subfield><subfield code="c">TxDaGIAL</subfield></datafield><datafield ind1="0" ind2=" " tag="041"><subfield code="a">eng</subfield><subfield code="h">fre</subfield></datafield><datafield ind1="1" ind2=" " tag="100"><subfield code="a">Guentch&#233;va, Zlatka.</subfield></datafield><datafield ind1="1" ind2="0" tag="245"><subfield code="a">A propos of derived imperfectives in Bulgarian /</subfield><subfield code="c">Zlatka Guentcheva-Descles (translation by Richard L. Frautschi).</subfield></datafield><datafield ind1=" " ind2=" " tag="260"><subfield code="a">University Park, Pa. :</subfield><subfield code="b">Pennsylvania State University Press,</subfield><subfield code="c">1982.</subfield></datafield><datafield ind1=" " ind2=" " tag="300"><subfield code="a">p. 226-244 :</subfield><subfield code="b">ill. ;</subfield><subfield code="c">23 cm.</subfield></datafield><datafield ind1=" " ind2=" " tag="504"><subfield code="a">Includes bibliographical references.</subfield></datafield><datafield ind1=" " ind2=" " tag="500"><subfield code="a">Offprint: General linguistics 22(4):226-244, 1982.</subfield></datafield><datafield ind1=" " ind2="0" tag="650"><subfield code="a">Bulgarian language</subfield><subfield code="x">Tense.</subfield></datafield><datafield ind1="1" ind2="0" tag="700"><subfield code="a">Frautschi, Richard L.</subfield></datafield><datafield ind1=" " ind2=" " tag="035"><subfield code="a">(TxDaGIAL)37741400000467</subfield></datafield><controlfield tag="005">20080624162212.0</controlfield><controlfield tag="001">10391</controlfield><controlfield tag="003">TxDaGIAL</controlfield><datafield ind1=" " ind2=" " tag="852"><subfield code="p">37741400000467</subfield><subfield code="a">Library</subfield><subfield code="b">Kenneth L. Pike Coll</subfield><subfield code="9">$0.00</subfield><subfield code="x">COPYID:12188</subfield><subfield code="x">FSC@aVertFile@c19960429</subfield><subfield code="h">FILE</subfield><subfield code="z">Gift, K.L. Pike</subfield></datafield></record>