
<record><leader>00812nam a2200193 a 4500</leader><controlfield tag="008">960703s1966    gw a    r     000 0 fre d</controlfield><datafield ind1=" " ind2=" " tag="040"><subfield code="a">TxDaGIAL</subfield><subfield code="c">TxDaGIAL</subfield></datafield><datafield ind1="1" ind2=" " tag="100"><subfield code="a">Alexandre, Pierre,</subfield><subfield code="d">1922-</subfield></datafield><datafield ind1="1" ind2="0" tag="245"><subfield code="a">Pr&#233;liminaire &#224; une pr&#233;sentation des id&#233;ophones bulu /</subfield><subfield code="c">Pierre Alexandre.</subfield></datafield><datafield ind1=" " ind2=" " tag="260"><subfield code="a">Hamburg :</subfield><subfield code="b">Deutsches Institut f&#252;r Afrika-forschung,</subfield><subfield code="c">1966.</subfield></datafield><datafield ind1=" " ind2=" " tag="300"><subfield code="a">p. [9]-28 :</subfield><subfield code="b">ill. ;</subfield><subfield code="c">25 cm.</subfield></datafield><datafield ind1=" " ind2=" " tag="500"><subfield code="a">Photocopy from: Lukas, Johannes (ed.) Neue Afrikanistische Studien (Hamburger Beitrage zur Afrika-kunde 5:9-28, 1966)</subfield></datafield><datafield ind1=" " ind2=" " tag="546"><subfield code="a">In French.</subfield></datafield><datafield ind1=" " ind2="0" tag="650"><subfield code="a">Bulu language</subfield><subfield code="x">Phonetics.</subfield></datafield><datafield ind1=" " ind2=" " tag="035"><subfield code="a">(TxDaGIAL)37741400000475</subfield></datafield><controlfield tag="005">20080624162212.0</controlfield><controlfield tag="001">10399</controlfield><controlfield tag="003">TxDaGIAL</controlfield><datafield ind1=" " ind2=" " tag="852"><subfield code="p">37741400000475</subfield><subfield code="a">Library</subfield><subfield code="b">Kenneth L. Pike Coll</subfield><subfield code="9">$0.00</subfield><subfield code="x">COPYID:12196</subfield><subfield code="x">FSC@aVertFile@c19960429</subfield><subfield code="h">FILE</subfield><subfield code="z">Gift, K.L. Pike</subfield></datafield></record>