
<record><leader>00646nam a2200193 a 4500</leader><controlfield tag="008">960703s1963    vm            000 0 eng d</controlfield><datafield ind1=" " ind2=" " tag="040"><subfield code="a">TxDaGIAL</subfield><subfield code="c">TxDaGIAL</subfield></datafield><datafield ind1="1" ind2=" " tag="100"><subfield code="a">Blood, Evangeline.</subfield></datafield><datafield ind1="1" ind2="0" tag="245"><subfield code="a">Some fauna terms in a Mnong Ro'lo'm area /</subfield><subfield code="c">Evangeline Blood.</subfield></datafield><datafield ind1=" " ind2=" " tag="260"><subfield code="a">Vietnam :</subfield><subfield code="b">[s.n.],</subfield><subfield code="c">1963.</subfield></datafield><datafield ind1=" " ind2=" " tag="300"><subfield code="a">p. [311]-315 ;</subfield><subfield code="c">24 cm.</subfield></datafield><datafield ind1=" " ind2=" " tag="500"><subfield code="a">Offprint: Van-Hoa Nguyet-san 12(2):311-315, 1963.</subfield></datafield><datafield ind1=" " ind2="0" tag="650"><subfield code="a">Zoology</subfield><subfield code="v">Nomenclature.</subfield></datafield><datafield ind1=" " ind2="0" tag="650"><subfield code="a">Mnong language.</subfield></datafield><datafield ind1=" " ind2=" " tag="035"><subfield code="a">(TxDaGIAL)37741400000476</subfield></datafield><controlfield tag="005">20080624162213.0</controlfield><controlfield tag="001">10400</controlfield><controlfield tag="003">TxDaGIAL</controlfield><datafield ind1=" " ind2=" " tag="852"><subfield code="p">37741400000476</subfield><subfield code="a">Library</subfield><subfield code="9">$0.00</subfield><subfield code="x">COPYID:12197</subfield><subfield code="x">FSC@aVertFile@c19960429</subfield><subfield code="h">FILE</subfield></datafield></record>