
<record><leader>00743nam a2200193 a 4500</leader><controlfield tag="008">960710s1979    cau      b    000 0 eng d</controlfield><datafield ind1=" " ind2=" " tag="040"><subfield code="a">TxDaGIAL</subfield><subfield code="c">TxDaGIAL</subfield></datafield><datafield ind1="1" ind2=" " tag="100"><subfield code="a">Bright, William,</subfield><subfield code="d">1928-</subfield></datafield><datafield ind1="1" ind2="0" tag="245"><subfield code="a">Hispanisms in Cahuilla /</subfield><subfield code="c">William Bright.</subfield></datafield><datafield ind1=" " ind2=" " tag="260"><subfield code="a">Bakersfield, Calif. :</subfield><subfield code="b">California State University,</subfield><subfield code="c">1979.</subfield></datafield><datafield ind1=" " ind2=" " tag="300"><subfield code="a">p. 101-115 ;</subfield><subfield code="c">28 cm.</subfield></datafield><datafield ind1=" " ind2=" " tag="504"><subfield code="a">Bibliography: p. 115.</subfield></datafield><datafield ind1=" " ind2=" " tag="500"><subfield code="a">Photocopy: Journal of California and Great Basin anthropology- Papers in linguistics 1:101-115, 1979.</subfield></datafield><datafield ind1=" " ind2="0" tag="650"><subfield code="a">Cahuilla language</subfield><subfield code="x">Foreign words and phrases.</subfield></datafield><datafield ind1=" " ind2=" " tag="035"><subfield code="a">(TxDaGIAL)37741400000477</subfield></datafield><controlfield tag="005">20080624162213.0</controlfield><controlfield tag="001">10401</controlfield><controlfield tag="003">TxDaGIAL</controlfield><datafield ind1=" " ind2=" " tag="852"><subfield code="p">37741400000477</subfield><subfield code="a">Library</subfield><subfield code="9">$0.00</subfield><subfield code="x">COPYID:12198</subfield><subfield code="x">FSC@aVertFile@c19960429</subfield><subfield code="h">FILE</subfield></datafield></record>