
<record><leader>00981nam a2200229 a 4500</leader><controlfield tag="008">960710m19171885mx a     b    000 0 spa d</controlfield><datafield ind1=" " ind2=" " tag="040"><subfield code="a">TxDaGIAL</subfield><subfield code="c">TxDaGIAL</subfield></datafield><datafield ind1="1" ind2=" " tag="041"><subfield code="a">spa</subfield><subfield code="h">eng</subfield></datafield><datafield ind1="1" ind2=" " tag="100"><subfield code="a">Brinton, Daniel Garrison,</subfield><subfield code="d">1837-1899.</subfield></datafield><datafield ind1="1" ind2="0" tag="245"><subfield code="a">Notas sobre el Mangue :</subfield><subfield code="b">dialecto extinguido, hablado antiguamente en Nicaragua /</subfield><subfield code="c">escritas por Daniel G. Brinton.</subfield></datafield><datafield ind1=" " ind2=" " tag="260"><subfield code="a">Tuxtla Guti&#233;rrez, Mexico :</subfield><subfield code="b">[s.n.],</subfield><subfield code="c">1917.</subfield></datafield><datafield ind1=" " ind2=" " tag="300"><subfield code="a">p. 9-[28] :</subfield><subfield code="b">ill. ;</subfield><subfield code="c">28 cm.</subfield></datafield><datafield ind1=" " ind2=" " tag="504"><subfield code="a">Includes bibliographical references.</subfield></datafield><datafield ind1=" " ind2=" " tag="500"><subfield code="a">Photocopy: lecture read at a conference of the American Philosophical Society in 1885, traducidas y anotadas por Marcos E. Becerra ...en Agosto de 1917.</subfield></datafield><datafield ind1=" " ind2=" " tag="546"><subfield code="a">In Spanish: original language in English.</subfield></datafield><datafield ind1=" " ind2="0" tag="650"><subfield code="a">Mangue language.</subfield></datafield><datafield ind1="1" ind2="0" tag="700"><subfield code="a">Becerra, Marcos E. tr.</subfield></datafield><datafield ind1=" " ind2=" " tag="035"><subfield code="a">(TxDaGIAL)37741400000478</subfield></datafield><controlfield tag="005">20080624162213.0</controlfield><controlfield tag="001">10402</controlfield><controlfield tag="003">TxDaGIAL</controlfield><datafield ind1=" " ind2=" " tag="852"><subfield code="p">37741400000478</subfield><subfield code="a">Library</subfield><subfield code="9">$0.00</subfield><subfield code="x">COPYID:12199</subfield><subfield code="x">FSC@aVertFile@c19960429</subfield><subfield code="h">FILE</subfield></datafield></record>