
<record><leader>00653cam a2200193 a 4500</leader><controlfield tag="008">960711s1958    xx      r     000 0deng d</controlfield><datafield ind1=" " ind2=" " tag="040"><subfield code="a">TxDaGIAL</subfield><subfield code="c">TxDaGIAL</subfield><subfield code="d">TxDaGIAL</subfield></datafield><datafield ind1="1" ind2=" " tag="100"><subfield code="a">Bruens, A.</subfield></datafield><datafield ind1="1" ind2="0" tag="245"><subfield code="a">Forgotten things and forgotten peoples /</subfield><subfield code="c">A. Bruens.</subfield></datafield><datafield ind1=" " ind2=" " tag="260"><subfield code="c">[ca. 1958]</subfield></datafield><datafield ind1=" " ind2=" " tag="300"><subfield code="a">p. 155-168 ;</subfield><subfield code="c">24 cm.</subfield></datafield><datafield ind1=" " ind2=" " tag="500"><subfield code="a">Photocopy: [Millhilliana Nov., 1958]:155-168.</subfield></datafield><datafield ind1=" " ind2="0" tag="650"><subfield code="a">Lunda language.</subfield></datafield><datafield ind1=" " ind2="0" tag="650"><subfield code="a">Bantu languages.</subfield></datafield><datafield ind1=" " ind2=" " tag="035"><subfield code="a">(TxDaGIAL)37741400000480</subfield></datafield><controlfield tag="005">20080624162213.0</controlfield><controlfield tag="001">10404</controlfield><controlfield tag="003">TxDaGIAL</controlfield><datafield ind1=" " ind2=" " tag="852"><subfield code="p">37741400000480</subfield><subfield code="a">Library</subfield><subfield code="b">James E. Redden Coll</subfield><subfield code="9">$0.00</subfield><subfield code="x">COPYID:12201</subfield><subfield code="x">FSC@aVertFile@c19960429</subfield><subfield code="h">FILE</subfield><subfield code="z">Gift. J.E. Redden</subfield></datafield></record>