
<record><leader>00878nam a2200217 a 4500</leader><controlfield tag="008">960711s1979    pe a    rb    000 0 spa d</controlfield><datafield ind1=" " ind2=" " tag="040"><subfield code="a">TxDaGIAL</subfield><subfield code="c">TxDaGIAL</subfield></datafield><datafield ind1="0" ind2=" " tag="041"><subfield code="a">spa</subfield><subfield code="b">eng</subfield></datafield><datafield ind1="1" ind2=" " tag="100"><subfield code="a">Corbera, Angel.</subfield></datafield><datafield ind1="1" ind2="0" tag="245"><subfield code="a">Algunos procesos morfofonemicos que subyacen en la fonologia Aguaruna /</subfield><subfield code="c">Angel Corbera Mori.</subfield></datafield><datafield ind1=" " ind2=" " tag="260"><subfield code="a">Lima, Peru :</subfield><subfield code="b">Centro Amazonico de Antropolog&#237;a y Aplicacion Practica,</subfield><subfield code="c">1979.</subfield></datafield><datafield ind1=" " ind2=" " tag="300"><subfield code="a">p. 103-120 :</subfield><subfield code="b">ill. ;</subfield><subfield code="c">28 cm.</subfield></datafield><datafield ind1=" " ind2=" " tag="504"><subfield code="a">Includes bibliographical references.</subfield></datafield><datafield ind1=" " ind2=" " tag="500"><subfield code="a">Photocopy: Amazonia Peruana III(5):103-120, 1979.</subfield></datafield><datafield ind1=" " ind2=" " tag="546"><subfield code="a">In Spanish: summary in English.</subfield></datafield><datafield ind1=" " ind2="0" tag="650"><subfield code="a">Aguaruna language</subfield><subfield code="x">Morphophonemics.</subfield></datafield><datafield ind1=" " ind2=" " tag="035"><subfield code="a">(TxDaGIAL)37741400000481</subfield></datafield><controlfield tag="005">20080624162213.0</controlfield><controlfield tag="001">10405</controlfield><controlfield tag="003">TxDaGIAL</controlfield><datafield ind1=" " ind2=" " tag="852"><subfield code="p">37741400000481</subfield><subfield code="a">Library</subfield><subfield code="b">Kenneth L. Pike Coll</subfield><subfield code="9">$0.00</subfield><subfield code="x">COPYID:12202</subfield><subfield code="x">FSC@aVertFile@c19960429</subfield><subfield code="h">FILE</subfield><subfield code="z">Gift, K.L. Pike</subfield></datafield></record>