
<record><leader>00798nam a2200229 a 4500</leader><controlfield tag="008">960711s1979    mx a    rb    000 0 spa d</controlfield><datafield ind1=" " ind2=" " tag="040"><subfield code="a">TxDaGIAL</subfield><subfield code="c">TxDaGIAL</subfield></datafield><datafield ind1="0" ind2=" " tag="041"><subfield code="a">spa</subfield><subfield code="b">eng</subfield></datafield><datafield ind1="1" ind2=" " tag="100"><subfield code="a">Knab, Tim.</subfield></datafield><datafield ind1="1" ind2="0" tag="245"><subfield code="a">Vida y muerte del N&#225;huatl /</subfield><subfield code="c">Tim Knab.</subfield></datafield><datafield ind1=" " ind2=" " tag="260"><subfield code="a">Mexico City :</subfield><subfield code="b">Universidad Nacional Aut&#243;noma de Mexico,</subfield><subfield code="c">1979.</subfield></datafield><datafield ind1=" " ind2=" " tag="300"><subfield code="a">p.345-370 :</subfield><subfield code="b">ill. ;</subfield><subfield code="c">21 cm.</subfield></datafield><datafield ind1=" " ind2=" " tag="504"><subfield code="a">Includes bibliographical references.</subfield></datafield><datafield ind1=" " ind2=" " tag="500"><subfield code="a">Photocopy: Anales de Antropolog&#237;a 16:345-370, 1979.</subfield></datafield><datafield ind1=" " ind2=" " tag="546"><subfield code="a">In Spanish: summary in English.</subfield></datafield><datafield ind1=" " ind2="0" tag="650"><subfield code="a">Language obsolescence</subfield><subfield code="z">Mexico.</subfield></datafield><datafield ind1=" " ind2="0" tag="650"><subfield code="a">Nahuatl language.</subfield></datafield><datafield ind1=" " ind2=" " tag="035"><subfield code="a">(TxDaGIAL)37741400000486</subfield></datafield><controlfield tag="005">20080624162213.0</controlfield><controlfield tag="001">10409</controlfield><controlfield tag="003">TxDaGIAL</controlfield><datafield ind1=" " ind2=" " tag="852"><subfield code="p">37741400000486</subfield><subfield code="a">Library</subfield><subfield code="9">$0.00</subfield><subfield code="x">COPYID:12207</subfield><subfield code="x">FSC@aVertFile@c19960429</subfield><subfield code="h">FILE</subfield></datafield></record>