
<record><leader>00852nam a2200217 a 4500</leader><controlfield tag="008">960715s1980    gw a    rb    000 0 ger d</controlfield><datafield ind1=" " ind2=" " tag="040"><subfield code="a">TxDaGIAL</subfield><subfield code="c">TxDaGIAL</subfield></datafield><datafield ind1="0" ind2=" " tag="041"><subfield code="a">ger</subfield><subfield code="b">rus,eng,spa,fre</subfield><subfield code="h">ger</subfield></datafield><datafield ind1="1" ind2=" " tag="100"><subfield code="a">Thiemer-Sachse, Ursula.</subfield></datafield><datafield ind1="1" ind2="0" tag="245"><subfield code="a">Quechua-Lyrik in deutscher Nachdichtung :</subfield><subfield code="b">Versuch einer interpretation un sprachliche analyse /</subfield><subfield code="c">von Ursula Thiemer-Sachse.</subfield></datafield><datafield ind1=" " ind2=" " tag="260"><subfield code="a">Berlin,</subfield><subfield code="c">1980.</subfield></datafield><datafield ind1=" " ind2=" " tag="300"><subfield code="a">p.385-398 :</subfield><subfield code="b">ill. ;</subfield><subfield code="c">22 cm.</subfield></datafield><datafield ind1=" " ind2=" " tag="504"><subfield code="a">Bibliography: p. 397-398.</subfield></datafield><datafield ind1=" " ind2=" " tag="500"><subfield code="a">Photocopy: Ethnographisch-Archaeologische Zeitschrift 21:385-398, 1980.</subfield></datafield><datafield ind1=" " ind2=" " tag="546"><subfield code="a">In German: summaries in Russian, English, Spanish, French.</subfield></datafield><datafield ind1=" " ind2="0" tag="650"><subfield code="a">Quechua language.</subfield></datafield><datafield ind1=" " ind2=" " tag="035"><subfield code="a">(TxDaGIAL)37741400000495</subfield></datafield><controlfield tag="005">20080624162214.0</controlfield><controlfield tag="001">10416</controlfield><controlfield tag="003">TxDaGIAL</controlfield><datafield ind1=" " ind2=" " tag="852"><subfield code="p">37741400000495</subfield><subfield code="a">Library</subfield><subfield code="9">$0.00</subfield><subfield code="x">COPYID:12215</subfield><subfield code="x">FSC@aVertFile@c19960429</subfield><subfield code="h">FILE</subfield></datafield></record>