
<record><leader>00787nam a2200217 a 4500</leader><controlfield tag="008">960715s1979    mx a    rb    000 0 spa d</controlfield><datafield ind1=" " ind2=" " tag="040"><subfield code="a">TxDaGIAL</subfield><subfield code="c">TxDaGIAL</subfield></datafield><datafield ind1="0" ind2=" " tag="041"><subfield code="a">spa</subfield><subfield code="b">eng</subfield></datafield><datafield ind1="1" ind2=" " tag="100"><subfield code="a">Valinas C., Leopoldo.</subfield></datafield><datafield ind1="1" ind2="3" tag="245"><subfield code="a">El N&#225;huatl en Jalisco, Colima y Michoac&#225;n /</subfield><subfield code="c">Leopoldo Valinas.</subfield></datafield><datafield ind1=" " ind2=" " tag="260"><subfield code="a">Mexico City :</subfield><subfield code="b">Universidad Nacional Aut&#243;noma de Mexico,</subfield><subfield code="c">1979.</subfield></datafield><datafield ind1=" " ind2=" " tag="300"><subfield code="a">p. 325-344 :</subfield><subfield code="b">ill. ;</subfield><subfield code="c">22 cm.</subfield></datafield><datafield ind1=" " ind2=" " tag="504"><subfield code="a">Bibliography: p. 343-344.</subfield></datafield><datafield ind1=" " ind2=" " tag="500"><subfield code="a">Photocopy: Anales de Antropolog&#237;a 16:325-344, 1979.</subfield></datafield><datafield ind1=" " ind2=" " tag="546"><subfield code="a">In Spanish: summary in English.</subfield></datafield><datafield ind1=" " ind2="0" tag="650"><subfield code="a">Nahuatl language</subfield><subfield code="x">Dialects.</subfield></datafield><datafield ind1=" " ind2=" " tag="035"><subfield code="a">(TxDaGIAL)37741400000497</subfield></datafield><controlfield tag="005">20080624162214.0</controlfield><controlfield tag="001">10418</controlfield><controlfield tag="003">TxDaGIAL</controlfield><datafield ind1=" " ind2=" " tag="852"><subfield code="p">37741400000497</subfield><subfield code="a">Library</subfield><subfield code="9">$0.00</subfield><subfield code="x">COPYID:12217</subfield><subfield code="x">FSC@aVertFile@c19960429</subfield><subfield code="h">FILE</subfield></datafield></record>