
<record><leader>00840nam a2200217 a 4500</leader><controlfield tag="008">960731s1978    es a     b    000 0 eng d</controlfield><datafield ind1=" " ind2=" " tag="040"><subfield code="a">TxDaGIAL</subfield><subfield code="c">TxDaGIAL</subfield></datafield><datafield ind1="0" ind2=" " tag="041"><subfield code="a">eng</subfield><subfield code="b">rus</subfield></datafield><datafield ind1="1" ind2=" " tag="100"><subfield code="a">Viitso, Tiit-Rein.</subfield></datafield><datafield ind1="1" ind2="4" tag="245"><subfield code="a">The history of Finnic &#243; in the first syllable /</subfield><subfield code="c">Tiit-Rein Viitso.</subfield></datafield><datafield ind1=" " ind2=" " tag="260"><subfield code="a">Tallinn, Estonia :</subfield><subfield code="b">Academy of Sciences of the Estonian S.S.R.,</subfield><subfield code="c">1978.</subfield></datafield><datafield ind1=" " ind2=" " tag="300"><subfield code="a">p. 86-106 :</subfield><subfield code="b">ill. ;</subfield><subfield code="c">25 cm.</subfield></datafield><datafield ind1=" " ind2=" " tag="504"><subfield code="a">Bibliography: p. 105-106.</subfield></datafield><datafield ind1=" " ind2=" " tag="500"><subfield code="a">Offprint: Soviet Finno-Ugric Studies 14(2):86-106, 1978.</subfield></datafield><datafield ind1=" " ind2=" " tag="546"><subfield code="a">In English: summary in Russian.</subfield></datafield><datafield ind1=" " ind2="0" tag="650"><subfield code="a">Finnish language</subfield><subfield code="x">Vowels.</subfield></datafield><datafield ind1=" " ind2=" " tag="035"><subfield code="a">(TxDaGIAL)37741400000509</subfield></datafield><controlfield tag="005">20080624162215.0</controlfield><controlfield tag="001">10427</controlfield><controlfield tag="003">TxDaGIAL</controlfield><datafield ind1=" " ind2=" " tag="852"><subfield code="p">37741400000509</subfield><subfield code="a">Library</subfield><subfield code="b">Kenneth L. Pike Coll</subfield><subfield code="9">$0.00</subfield><subfield code="x">COPYID:12229</subfield><subfield code="x">FSC@aVertFile@c19960429</subfield><subfield code="h">FILE</subfield><subfield code="z">Gift, K.L. Pike 10-88</subfield></datafield></record>