
<record><leader>00705nam a2200181 a 4500</leader><controlfield tag="008">960805s1963    ii a          000 0 eng d</controlfield><datafield ind1=" " ind2=" " tag="040"><subfield code="a">TxDaGIAL</subfield><subfield code="c">TxDaGIAL</subfield></datafield><datafield ind1="1" ind2=" " tag="100"><subfield code="a">Zvelebil, Kamil.</subfield></datafield><datafield ind1="1" ind2="0" tag="245"><subfield code="a">Lectures on historical grammar of Tamil /</subfield><subfield code="c">Dr. Kamil Zvelebil.</subfield></datafield><datafield ind1=" " ind2=" " tag="260"><subfield code="a">Madras :</subfield><subfield code="b">University of Madras,</subfield><subfield code="c">1963.</subfield></datafield><datafield ind1=" " ind2=" " tag="300"><subfield code="a">p.[1]-31 :</subfield><subfield code="b">ill. ;</subfield><subfield code="c">24 cm.</subfield></datafield><datafield ind1=" " ind2=" " tag="500"><subfield code="a">Offprint: Annals of Oriental research of the University of Madras 18(2):1-31, 1963.</subfield></datafield><datafield ind1=" " ind2="0" tag="650"><subfield code="a">Tamil language</subfield><subfield code="x">Grammar.</subfield></datafield><datafield ind1=" " ind2=" " tag="035"><subfield code="a">(TxDaGIAL)37741400000515</subfield></datafield><controlfield tag="005">20080624162215.0</controlfield><controlfield tag="001">10433</controlfield><controlfield tag="003">TxDaGIAL</controlfield><datafield ind1=" " ind2=" " tag="852"><subfield code="p">37741400000515</subfield><subfield code="a">Library</subfield><subfield code="b">Kenneth L. Pike Coll</subfield><subfield code="9">$0.00</subfield><subfield code="x">COPYID:12235</subfield><subfield code="x">FSC@aVertFile@c19960429</subfield><subfield code="h">FILE</subfield><subfield code="z">Gift, K.L. Pike</subfield></datafield></record>