
<record><leader>00702nam a2200181 a 4500</leader><controlfield tag="008">960805s1965    cs a          000 0 eng d</controlfield><datafield ind1=" " ind2=" " tag="040"><subfield code="a">TxDaGIAL</subfield><subfield code="c">TxDaGIAL</subfield></datafield><datafield ind1="1" ind2=" " tag="100"><subfield code="a">Zvelebil, Kamil.</subfield></datafield><datafield ind1="1" ind2="0" tag="245"><subfield code="a">Towards a taxonomic and generative grammar of Tamil /</subfield><subfield code="c">Kamil Zvelebil.</subfield></datafield><datafield ind1=" " ind2=" " tag="260"><subfield code="a">Prague :</subfield><subfield code="b">Czechovak Academy of sciences,</subfield><subfield code="c">1965.</subfield></datafield><datafield ind1=" " ind2=" " tag="300"><subfield code="a">p. 602-613 :</subfield><subfield code="b">ill., appendix ;</subfield><subfield code="c">24 cm.</subfield></datafield><datafield ind1=" " ind2=" " tag="500"><subfield code="a">Offprint: Archiv Orientalni 33:602-613, 1965.</subfield></datafield><datafield ind1=" " ind2="0" tag="650"><subfield code="a">Tamil language</subfield><subfield code="x">Grammar.</subfield></datafield><datafield ind1=" " ind2=" " tag="035"><subfield code="a">(TxDaGIAL)37741400000519</subfield></datafield><controlfield tag="005">20080624162216.0</controlfield><controlfield tag="001">10437</controlfield><controlfield tag="003">TxDaGIAL</controlfield><datafield ind1=" " ind2=" " tag="852"><subfield code="p">37741400000519</subfield><subfield code="a">Library</subfield><subfield code="b">Kenneth L. Pike Coll</subfield><subfield code="9">$0.00</subfield><subfield code="x">COPYID:12239</subfield><subfield code="x">FSC@aVertFile@c19960429</subfield><subfield code="h">FILE</subfield><subfield code="z">Gift, K.L. Pike, 5-89</subfield></datafield></record>