
<record><leader>00726nam a2200193 a 4500</leader><controlfield tag="008">960805s1963    cs a     b    000 0 eng d</controlfield><datafield ind1=" " ind2=" " tag="040"><subfield code="a">TxDaGIAL</subfield><subfield code="c">TxDaGIAL</subfield></datafield><datafield ind1="1" ind2=" " tag="100"><subfield code="a">Zvelebil, Kamil.</subfield></datafield><datafield ind1="1" ind2="4" tag="245"><subfield code="a">The vowels of colloquial Tamil /</subfield><subfield code="c">Kamil Zvelebil.</subfield></datafield><datafield ind1=" " ind2=" " tag="260"><subfield code="a">Prague :</subfield><subfield code="b">Czechoslovak Academy of Sciences,</subfield><subfield code="c">1963.</subfield></datafield><datafield ind1=" " ind2=" " tag="300"><subfield code="a">p. 225-229 :</subfield><subfield code="b">ill. ;</subfield><subfield code="c">24 cm.</subfield></datafield><datafield ind1=" " ind2=" " tag="504"><subfield code="a">Includes bibliographical references.</subfield></datafield><datafield ind1=" " ind2=" " tag="500"><subfield code="a">Offprint: Archiv Orientalni 31:225-229, 1963.</subfield></datafield><datafield ind1=" " ind2="0" tag="650"><subfield code="a">Tamil language</subfield><subfield code="x">Vowels.</subfield></datafield><datafield ind1=" " ind2=" " tag="035"><subfield code="a">(TxDaGIAL)37741400000520</subfield></datafield><controlfield tag="005">20080624162216.0</controlfield><controlfield tag="001">10438</controlfield><controlfield tag="003">TxDaGIAL</controlfield><datafield ind1=" " ind2=" " tag="852"><subfield code="p">37741400000520</subfield><subfield code="a">Library</subfield><subfield code="b">Kenneth L. Pike Coll</subfield><subfield code="9">$0.00</subfield><subfield code="x">COPYID:12240</subfield><subfield code="x">FSC@aVertFile@c19960429</subfield><subfield code="h">FILE</subfield><subfield code="z">Gift, K.L. Pike, 5-89</subfield></datafield></record>