
<record><leader>00835nam a2200205 a 4500</leader><controlfield tag="008">960711s1975    py a    rb    000 0 spa d</controlfield><datafield ind1=" " ind2=" " tag="040"><subfield code="a">TxDaGIAL</subfield><subfield code="c">TxDaGIAL</subfield></datafield><datafield ind1="1" ind2=" " tag="100"><subfield code="a">G&#243;mez-Perasso, Jos&#233; Antonio.</subfield></datafield><datafield ind1="1" ind2="0" tag="245"><subfield code="a">Vocabulario Ach&#233;-Guajak&#237; :</subfield><subfield code="b">enfoque etnogr&#225;fico /</subfield><subfield code="c">Jos&#233; Antonio G&#243;mez-Perasso.</subfield></datafield><datafield ind1=" " ind2=" " tag="260"><subfield code="a">Asuncion, Paraguay :</subfield><subfield code="b">Universidad Catolica Nuestra Senora de la Asuncion. Centro de Estudios Antropologicos,</subfield><subfield code="c">[ca.1975]</subfield></datafield><datafield ind1=" " ind2=" " tag="300"><subfield code="a">p. [93]-134 :</subfield><subfield code="b">ill. ;</subfield><subfield code="c">21 cm.</subfield></datafield><datafield ind1=" " ind2=" " tag="504"><subfield code="a">Bibliography: p. 133-134.</subfield></datafield><datafield ind1=" " ind2=" " tag="500"><subfield code="a">Photocopy: Suplemento Antropologico Catolico:93-134, 1975.</subfield></datafield><datafield ind1=" " ind2=" " tag="546"><subfield code="a">In Spanish.</subfield></datafield><datafield ind1=" " ind2="0" tag="650"><subfield code="a">Guayaki language</subfield><subfield code="x">Vocabulary.</subfield></datafield><datafield ind1=" " ind2=" " tag="035"><subfield code="a">(TxDaGIAL)37741400000521</subfield></datafield><controlfield tag="005">20080624162216.0</controlfield><controlfield tag="001">10439</controlfield><controlfield tag="003">TxDaGIAL</controlfield><datafield ind1=" " ind2=" " tag="852"><subfield code="p">37741400000521</subfield><subfield code="a">Library</subfield><subfield code="9">$0.00</subfield><subfield code="x">COPYID:12241</subfield><subfield code="x">FSC@aVertFile@c19960429</subfield><subfield code="h">FILE</subfield></datafield></record>