
<record><leader>00826cam a2200205 a 4500</leader><controlfield tag="008">961007s1976    pe a     b    000 0 spa d</controlfield><datafield ind1=" " ind2=" " tag="040"><subfield code="a">TxDaGIAL</subfield><subfield code="c">TxDaGIAL</subfield><subfield code="d">TxDaGIAL</subfield></datafield><datafield ind1="1" ind2=" " tag="100"><subfield code="a">Wise S., Mary Ruth.</subfield></datafield><datafield ind1="1" ind2="0" tag="245"><subfield code="a">Apuntes sobre la influencia Inca entre los Amuesha :</subfield><subfield code="b">factor que oscurece la clasificaci&#243;n de su idioma /</subfield><subfield code="c">Mary Ruth Wise.</subfield></datafield><datafield ind1=" " ind2=" " tag="260"><subfield code="a">Lima, Peru :</subfield><subfield code="b">Museo Nacional,</subfield><subfield code="c">1976.</subfield></datafield><datafield ind1=" " ind2=" " tag="300"><subfield code="a">p. [355]-366 :</subfield><subfield code="b">ill. ;</subfield><subfield code="c">24 cm.</subfield></datafield><datafield ind1=" " ind2=" " tag="504"><subfield code="a">Includes bibliographical references (p. [365]-366).</subfield></datafield><datafield ind1=" " ind2=" " tag="500"><subfield code="a">Offprint: Revista del Museo Nacional 42:355-366, 1976.</subfield></datafield><datafield ind1=" " ind2=" " tag="546"><subfield code="a">Spanish.</subfield></datafield><datafield ind1=" " ind2="0" tag="650"><subfield code="a">Amuesha language</subfield><subfield code="x">Foreign words and phrases.</subfield></datafield><datafield ind1=" " ind2=" " tag="035"><subfield code="a">(TxDaGIAL)37741400000544</subfield></datafield><controlfield tag="005">20080624162219.0</controlfield><controlfield tag="001">10459</controlfield><controlfield tag="003">TxDaGIAL</controlfield><datafield ind1=" " ind2=" " tag="852"><subfield code="p">37741400000544</subfield><subfield code="a">Library</subfield><subfield code="9">$0.00</subfield><subfield code="x">COPYID:12261</subfield><subfield code="x">FSC@aVertFile@c19960429</subfield><subfield code="h">FILE</subfield></datafield></record>