
<record><leader>00813nam a2200205 a 4500</leader><controlfield tag="008">961007s1982    sr a          100 0 eng d</controlfield><datafield ind1=" " ind2=" " tag="040"><subfield code="a">TxDaGIAL</subfield><subfield code="c">TxDaGIAL</subfield></datafield><datafield ind1="1" ind2=" " tag="100"><subfield code="a">Voorhoeve, Jan.</subfield></datafield><datafield ind1="1" ind2="0" tag="245"><subfield code="a">Syntactic developments in Sranan /</subfield><subfield code="c">Jan Voorhoeve, Andr&#233; Kramp.</subfield></datafield><datafield ind1=" " ind2=" " tag="260"><subfield code="a">Paramaribo, Suriname :</subfield><subfield code="b">Society for Caribbean Linguistics,</subfield><subfield code="c">1982.</subfield></datafield><datafield ind1=" " ind2=" " tag="300"><subfield code="a">12 p. :</subfield><subfield code="b">ill. ;</subfield><subfield code="c">28 cm.</subfield></datafield><datafield ind1=" " ind2=" " tag="500"><subfield code="a">Presented at: Fourth Biannual Conference of the Society for Caribbean Linguistics Sept. 1-6, 1982: 1-12.</subfield></datafield><datafield ind1=" " ind2="0" tag="650"><subfield code="a">Sranan language.</subfield></datafield><datafield ind1="1" ind2="0" tag="700"><subfield code="a">Kramp, Andre.</subfield></datafield><datafield ind1="2" ind2="0" tag="710"><subfield code="a">Society for Caribbean Linguistics</subfield><subfield code="n">(4th :</subfield><subfield code="d">1982 :</subfield><subfield code="c">Paramaribo)</subfield></datafield><datafield ind1=" " ind2=" " tag="035"><subfield code="a">(TxDaGIAL)37741400000548</subfield></datafield><controlfield tag="005">20080624162220.0</controlfield><controlfield tag="001">10463</controlfield><controlfield tag="003">TxDaGIAL</controlfield><datafield ind1=" " ind2=" " tag="852"><subfield code="p">37741400000548</subfield><subfield code="a">Library</subfield><subfield code="9">$0.00</subfield><subfield code="x">COPYID:12265</subfield><subfield code="x">FSC@aVertFile@c19960429</subfield><subfield code="h">FILE</subfield></datafield></record>