
<record><leader>00704nam a2200193 a 4500</leader><controlfield tag="008">961008s1951    nyu      b    000 0 eng d</controlfield><datafield ind1=" " ind2=" " tag="040"><subfield code="a">TxDaGIAL</subfield><subfield code="c">TxDaGIAL</subfield></datafield><datafield ind1="1" ind2=" " tag="100"><subfield code="a">Wise, C.M.</subfield><subfield code="q">(Charles)</subfield></datafield><datafield ind1="1" ind2="1" tag="245"><subfield code="a">'Chiefess'- :</subfield><subfield code="b">a Hawaiian word /</subfield><subfield code="c">C.M. Wise.</subfield></datafield><datafield ind1=" " ind2=" " tag="260"><subfield code="a">New York :</subfield><subfield code="b">Columbia University Press,</subfield><subfield code="c">1951.</subfield></datafield><datafield ind1=" " ind2=" " tag="300"><subfield code="a">p. [116]-121 ;</subfield><subfield code="c">25 cm.</subfield></datafield><datafield ind1=" " ind2=" " tag="504"><subfield code="a">Includes bibliographical references.</subfield></datafield><datafield ind1=" " ind2=" " tag="500"><subfield code="a">Offprint: American Speech, May, 1951:116-121.</subfield></datafield><datafield ind1=" " ind2="0" tag="650"><subfield code="a">Hawaiian language.</subfield></datafield><datafield ind1=" " ind2=" " tag="035"><subfield code="a">(TxDaGIAL)37741400000552</subfield></datafield><controlfield tag="005">20080624162220.0</controlfield><controlfield tag="001">10466</controlfield><controlfield tag="003">TxDaGIAL</controlfield><datafield ind1=" " ind2=" " tag="852"><subfield code="p">37741400000552</subfield><subfield code="a">Library</subfield><subfield code="b">Kenneth L. Pike Coll</subfield><subfield code="9">$0.00</subfield><subfield code="x">COPYID:12268</subfield><subfield code="x">FSC@aVertFile@c19960429</subfield><subfield code="h">FILE</subfield><subfield code="z">Gift, K.L. Pike</subfield></datafield></record>