
<record><leader>00642nam a2200181 a 4500</leader><controlfield tag="008">961009s1987    dcu     rb   f000 0 eng d</controlfield><datafield ind1=" " ind2=" " tag="040"><subfield code="a">TxDaGIAL</subfield><subfield code="c">TxDaGIAL</subfield></datafield><datafield ind1="1" ind2=" " tag="100"><subfield code="a">Dwyer, David J.</subfield></datafield><datafield ind1="1" ind2="0" tag="245"><subfield code="a">Akan :</subfield><subfield code="b">bibliography, resources.</subfield></datafield><datafield ind1=" " ind2=" " tag="260"><subfield code="a">Washington, D.C. :</subfield><subfield code="b">ERIC Clearing House, Center for Applied Linguistics,</subfield><subfield code="c">[1987]</subfield></datafield><datafield ind1=" " ind2=" " tag="300"><subfield code="a">7 leaves ;</subfield><subfield code="c">30 cm.</subfield></datafield><datafield ind1=" " ind2=" " tag="500"><subfield code="a">Typescript.</subfield></datafield><datafield ind1=" " ind2="0" tag="650"><subfield code="a">Akan language</subfield><subfield code="v">Bibliography.</subfield></datafield><datafield ind1=" " ind2=" " tag="035"><subfield code="a">(TxDaGIAL)37741400000563</subfield></datafield><controlfield tag="005">20080624162221.0</controlfield><controlfield tag="001">10477</controlfield><controlfield tag="003">TxDaGIAL</controlfield><datafield ind1=" " ind2=" " tag="852"><subfield code="p">37741400000563</subfield><subfield code="a">Library</subfield><subfield code="b">James E. Redden Coll</subfield><subfield code="9">$0.00</subfield><subfield code="x">COPYID:12279</subfield><subfield code="x">FSC@aVertFile@c19961108</subfield><subfield code="h">FILE</subfield><subfield code="z">Gift, J.E. Redden</subfield></datafield></record>