
<record><leader>00816nam a2200205 a 4500</leader><controlfield tag="008">961011s1984    xx a    rb    100 0 eng d</controlfield><datafield ind1=" " ind2=" " tag="040"><subfield code="a">TxDaGIAL</subfield><subfield code="c">TxDaGIAL</subfield></datafield><datafield ind1="1" ind2=" " tag="100"><subfield code="a">Burmeister, Jonathan.</subfield></datafield><datafield ind1="1" ind2="0" tag="245"><subfield code="a">Verb inflection in Anyi and related languages /</subfield><subfield code="c">Jonathan Burmeister.</subfield></datafield><datafield ind1=" " ind2=" " tag="260"><subfield code="c">1984.</subfield></datafield><datafield ind1=" " ind2=" " tag="300"><subfield code="a">16 leaves, [3] :</subfield><subfield code="b">ill. ;</subfield><subfield code="c">30 cm.</subfield></datafield><datafield ind1=" " ind2=" " tag="504"><subfield code="a">Bibliography: leaf [19].</subfield></datafield><datafield ind1=" " ind2=" " tag="500"><subfield code="a">Typescript: prepared for Sixteenth West African Languages Congress, April 9-14, 1984.</subfield></datafield><datafield ind1=" " ind2="0" tag="650"><subfield code="a">Anyi language</subfield><subfield code="x">Verb.</subfield></datafield><datafield ind1="2" ind2="0" tag="711"><subfield code="a">West African Languages Congress</subfield><subfield code="n">(16th :</subfield><subfield code="d">1984 :</subfield><subfield code="c">Yaounde, Cameroon)</subfield></datafield><datafield ind1=" " ind2=" " tag="035"><subfield code="a">(TxDaGIAL)37741400000568</subfield></datafield><controlfield tag="005">20080624162221.0</controlfield><controlfield tag="001">10481</controlfield><controlfield tag="003">TxDaGIAL</controlfield><datafield ind1=" " ind2=" " tag="852"><subfield code="p">37741400000568</subfield><subfield code="a">Library</subfield><subfield code="b">James E. Redden Coll</subfield><subfield code="9">$0.00</subfield><subfield code="x">COPYID:12283</subfield><subfield code="x">FSC@aVertFile@c19961108</subfield><subfield code="h">FILE</subfield><subfield code="z">Gift, J.E. Redden</subfield></datafield></record>