
<record><leader>00756nam a2200193 a 4500</leader><controlfield tag="008">961011s1956    ne a     b    010 0 eng d</controlfield><datafield ind1=" " ind2=" " tag="040"><subfield code="a">TxDaGIAL</subfield><subfield code="c">TxDaGIAL</subfield></datafield><datafield ind1="1" ind2=" " tag="100"><subfield code="a">Weinreich, Uriel.</subfield></datafield><datafield ind1="1" ind2="0" tag="245"><subfield code="a">Notes on the Yiddish rise-fall intonation contour /</subfield><subfield code="c">by Uriel Weinreich.</subfield></datafield><datafield ind1=" " ind2=" " tag="260"><subfield code="a">The Hague :</subfield><subfield code="b">Mouton,</subfield><subfield code="c">1956.</subfield></datafield><datafield ind1=" " ind2=" " tag="300"><subfield code="a">p. [633]-643 :</subfield><subfield code="b">ill. ;</subfield><subfield code="c">29 cm.</subfield></datafield><datafield ind1=" " ind2=" " tag="504"><subfield code="a">Includes bibliographical references.</subfield></datafield><datafield ind1=" " ind2=" " tag="500"><subfield code="a">Offprint: For Roman Jakobson, Halle, Morris, et al, eds.: 633-643, 1956.</subfield></datafield><datafield ind1=" " ind2="0" tag="650"><subfield code="a">Yiddish language</subfield><subfield code="x">Intonation.</subfield></datafield><datafield ind1=" " ind2=" " tag="035"><subfield code="a">(TxDaGIAL)37741400000571</subfield></datafield><controlfield tag="005">20080624162222.0</controlfield><controlfield tag="001">10484</controlfield><controlfield tag="003">TxDaGIAL</controlfield><datafield ind1=" " ind2=" " tag="852"><subfield code="p">37741400000571</subfield><subfield code="a">Library</subfield><subfield code="b">Kenneth L. Pike Coll</subfield><subfield code="9">$0.00</subfield><subfield code="x">COPYID:12286</subfield><subfield code="x">FSC@aVertFile@c19961108</subfield><subfield code="h">FILE</subfield><subfield code="z">Gift, K.L. Pike</subfield></datafield></record>