
<record><leader>00891nam a2200205 a 4500</leader><controlfield tag="008">961014s1958    sp a     b    010 0 eng d</controlfield><datafield ind1=" " ind2=" " tag="040"><subfield code="a">TxDaGIAL</subfield><subfield code="c">TxDaGIAL</subfield></datafield><datafield ind1="1" ind2=" " tag="100"><subfield code="a">Weinreich, Uriel.</subfield></datafield><datafield ind1="1" ind2="2" tag="245"><subfield code="a">A retrograde sound shift in the guise of a survival :</subfield><subfield code="b">an aspect of Yiddish vowel development /</subfield><subfield code="c">Uriel Weinreich.</subfield></datafield><datafield ind1=" " ind2=" " tag="260"><subfield code="a">Tenerife, Canarias :</subfield><subfield code="b">Universidad de la Laguna,</subfield><subfield code="c">1958.</subfield></datafield><datafield ind1=" " ind2=" " tag="300"><subfield code="a">p. 221-267, [1-47] :</subfield><subfield code="b">ill., maps ;</subfield><subfield code="c">21 cm.</subfield></datafield><datafield ind1=" " ind2=" " tag="504"><subfield code="a">Bibliography: p. 263-267.</subfield></datafield><datafield ind1=" " ind2=" " tag="500"><subfield code="a">Offprint: Miscel&#225;nea Homenaje a Andr&#233; Martinet &quot;Estructuralismo e historia&quot;, Catalan, Diego, ed., 2:221-267, 1958.</subfield></datafield><datafield ind1="1" ind2="0" tag="600"><subfield code="a">Martinet, Andr&#233;.</subfield></datafield><datafield ind1=" " ind2="0" tag="650"><subfield code="a">Yiddish language.</subfield></datafield><datafield ind1=" " ind2=" " tag="035"><subfield code="a">(TxDaGIAL)37741400000575</subfield></datafield><controlfield tag="005">20080624162222.0</controlfield><controlfield tag="001">10488</controlfield><controlfield tag="003">TxDaGIAL</controlfield><datafield ind1=" " ind2=" " tag="852"><subfield code="p">37741400000575</subfield><subfield code="a">Library</subfield><subfield code="b">Kenneth L. Pike Coll</subfield><subfield code="9">$0.00</subfield><subfield code="x">COPYID:12290</subfield><subfield code="x">FSC@aVertFile@c19961108</subfield><subfield code="h">FILE</subfield><subfield code="z">Gift, K.L. Pike</subfield></datafield></record>