
<record><leader>00783nam a2200193 a 4500</leader><controlfield tag="008">961015s1950    mdua     b    000 0 eng d</controlfield><datafield ind1=" " ind2=" " tag="040"><subfield code="a">TxDaGIAL</subfield><subfield code="c">TxDaGIAL</subfield></datafield><datafield ind1="1" ind2=" " tag="100"><subfield code="a">Welmers, William E.</subfield><subfield code="q">(William Everett),</subfield><subfield code="d">1916-</subfield></datafield><datafield ind1="1" ind2="0" tag="245"><subfield code="a">Notes on two languages in the Senufo group :</subfield><subfield code="b">II. Sup'ide /</subfield><subfield code="c">William E. Welmers.</subfield></datafield><datafield ind1=" " ind2=" " tag="260"><subfield code="a">Baltimore Md. :</subfield><subfield code="b">Linguistic Society of America,</subfield><subfield code="c">1950.</subfield></datafield><datafield ind1=" " ind2=" " tag="300"><subfield code="a">p. 494-531 :</subfield><subfield code="b">ill. ;</subfield><subfield code="c">25 cm.</subfield></datafield><datafield ind1=" " ind2=" " tag="504"><subfield code="a">Includes bibliographical references.</subfield></datafield><datafield ind1=" " ind2=" " tag="500"><subfield code="a">Offprint: Language 26(4):494-531, 1950.</subfield></datafield><datafield ind1=" " ind2="0" tag="650"><subfield code="a">Senari language</subfield><subfield code="x">Phonology.</subfield></datafield><datafield ind1=" " ind2=" " tag="035"><subfield code="a">(TxDaGIAL)37741400000581</subfield></datafield><controlfield tag="005">20080624162222.0</controlfield><controlfield tag="001">10494</controlfield><controlfield tag="003">TxDaGIAL</controlfield><datafield ind1=" " ind2=" " tag="852"><subfield code="p">37741400000581</subfield><subfield code="a">Library</subfield><subfield code="b">Kenneth L. Pike Coll</subfield><subfield code="9">$0.00</subfield><subfield code="x">COPYID:12296</subfield><subfield code="x">FSC@aVertFile@c19961108</subfield><subfield code="h">FILE</subfield><subfield code="z">Gift, K.L. Pike</subfield></datafield></record>