
<record><leader>01017nam a2200217 a 4500</leader><controlfield tag="008">961104s1994    xx a    rb    100 0 eng d</controlfield><datafield ind1=" " ind2=" " tag="040"><subfield code="a">TxDaGIAL</subfield><subfield code="c">TxDaGIAL</subfield></datafield><datafield ind1="1" ind2=" " tag="100"><subfield code="a">Bruyn, Adrienne.</subfield></datafield><datafield ind1="1" ind2="0" tag="245"><subfield code="a">Some remarkable facts in Sranan :</subfield><subfield code="b">a discussion of possible accounts /</subfield><subfield code="c">Adrienne Bruyn.</subfield></datafield><datafield ind1=" " ind2=" " tag="260"><subfield code="c">1994.</subfield></datafield><datafield ind1=" " ind2=" " tag="300"><subfield code="a">p. [1]-14 :</subfield><subfield code="b">ill. ;</subfield><subfield code="c">21 cm.</subfield></datafield><datafield ind1=" " ind2=" " tag="504"><subfield code="a">Bibliography: p. 13-14.</subfield></datafield><datafield ind1=" " ind2=" " tag="500"><subfield code="a">Photocopy: Tenth Biennial Conference of the Society for Caribbean Linguistics and Second Joint Conference with the Society for Pidgin and Creole Linguistics, 1994.</subfield></datafield><datafield ind1=" " ind2="0" tag="650"><subfield code="a">Sranan language.</subfield></datafield><datafield ind1="2" ind2="0" tag="711"><subfield code="a">Biennial Conference of the Society for Caribbean Linguistics</subfield><subfield code="n">(10th :</subfield><subfield code="d">1994 :</subfield><subfield code="c">Georgetown, Guyana)</subfield></datafield><datafield ind1="2" ind2="0" tag="711"><subfield code="a">Conference for the Society for Pidgin and Creole Linguistics</subfield><subfield code="n">(2nd :</subfield><subfield code="d">1994 :</subfield><subfield code="c">Georgetown, Guyana)</subfield></datafield><datafield ind1=" " ind2=" " tag="035"><subfield code="a">(TxDaGIAL)37741400000596</subfield></datafield><controlfield tag="005">20080624162223.0</controlfield><controlfield tag="001">10502</controlfield><controlfield tag="003">TxDaGIAL</controlfield><datafield ind1=" " ind2=" " tag="852"><subfield code="p">37741400000596</subfield><subfield code="a">Library</subfield><subfield code="9">$0.00</subfield><subfield code="x">COPYID:12304</subfield><subfield code="x">FSC@aVertFile@c19961108</subfield><subfield code="h">FILE</subfield><subfield code="z">Gift, K. Decker</subfield></datafield></record>