
<record><leader>00813nam a2200205 a 4500</leader><controlfield tag="008">961104s1950    mdua     b    000 0 eng d</controlfield><datafield ind1=" " ind2=" " tag="040"><subfield code="a">TxDaGIAL</subfield><subfield code="c">TxDaGIAL</subfield></datafield><datafield ind1="1" ind2=" " tag="100"><subfield code="a">Waterhouse, Viola Grace,</subfield><subfield code="d">1918-</subfield></datafield><datafield ind1="1" ind2="0" tag="245"><subfield code="a">Chontal Phonemes /</subfield><subfield code="c">Viola Waterhouse, May Morrison.</subfield></datafield><datafield ind1=" " ind2=" " tag="260"><subfield code="a">Baltimore, Md. :</subfield><subfield code="b">Waverly Press,</subfield><subfield code="c">1950.</subfield></datafield><datafield ind1=" " ind2=" " tag="300"><subfield code="a">p. 35-39 :</subfield><subfield code="b">ill., charts ;</subfield><subfield code="c">25 cm.</subfield></datafield><datafield ind1=" " ind2=" " tag="504"><subfield code="a">Includes bibliographical references.</subfield></datafield><datafield ind1=" " ind2=" " tag="500"><subfield code="a">Offprint: International Journal of American Linguistics 16(1):35-39, 1950.</subfield></datafield><datafield ind1=" " ind2="0" tag="650"><subfield code="a">Chontal language</subfield><subfield code="z">Mexico</subfield><subfield code="z">Oaxaca de Ju&#225;rez.</subfield></datafield><datafield ind1="1" ind2="0" tag="700"><subfield code="a">Morrison, May.</subfield></datafield><datafield ind1=" " ind2=" " tag="035"><subfield code="a">(TxDaGIAL)37741400000599</subfield></datafield><controlfield tag="005">20080624162223.0</controlfield><controlfield tag="001">10505</controlfield><controlfield tag="003">TxDaGIAL</controlfield><datafield ind1=" " ind2=" " tag="852"><subfield code="p">37741400000599</subfield><subfield code="a">Library</subfield><subfield code="b">Kenneth L. Pike Coll</subfield><subfield code="9">$0.00</subfield><subfield code="x">COPYID:12307</subfield><subfield code="x">FSC@aVertFile@c19961108</subfield><subfield code="h">FILE</subfield><subfield code="z">Gift, K.L. Pike</subfield></datafield></record>