
<record><leader>00711nam a2200181 a 4500</leader><controlfield tag="008">961105s1948    azua         f000 0 eng d</controlfield><datafield ind1=" " ind2=" " tag="040"><subfield code="a">TxDaGIAL</subfield><subfield code="c">TxDaGIAL</subfield></datafield><datafield ind1="1" ind2=" " tag="100"><subfield code="a">Young, Robert W.,</subfield><subfield code="d">1912-</subfield></datafield><datafield ind1="1" ind2="4" tag="245"><subfield code="a">The function and signification of certain Navaho particles /</subfield><subfield code="c">by Robert W. Young, William Morgan.</subfield></datafield><datafield ind1=" " ind2=" " tag="260"><subfield code="a">Phoenix, Ariz. :</subfield><subfield code="b">Education Division, United States Indian Service,</subfield><subfield code="c">1948.</subfield></datafield><datafield ind1=" " ind2=" " tag="300"><subfield code="a">vii, 32 p. :</subfield><subfield code="b">ill. ;</subfield><subfield code="c">26 cm.</subfield></datafield><datafield ind1=" " ind2="0" tag="650"><subfield code="a">Navajo language.</subfield></datafield><datafield ind1="1" ind2="0" tag="700"><subfield code="a">Morgan, William.</subfield></datafield><datafield ind1=" " ind2=" " tag="035"><subfield code="a">(TxDaGIAL)37741400000600</subfield></datafield><controlfield tag="005">20080624162224.0</controlfield><controlfield tag="001">10506</controlfield><controlfield tag="003">TxDaGIAL</controlfield><datafield ind1=" " ind2=" " tag="852"><subfield code="p">37741400000600</subfield><subfield code="a">Library</subfield><subfield code="b">Kenneth L. Pike Coll</subfield><subfield code="9">$0.00</subfield><subfield code="x">COPYID:12308</subfield><subfield code="x">FSC@aVertFile@c19961108</subfield><subfield code="h">FILE</subfield><subfield code="z">Gift, K.L. Pike</subfield></datafield></record>