
<record><leader>00939nam a2200217 a 4500</leader><controlfield tag="008">961105s1983    bl a     b    000 0 por d</controlfield><datafield ind1=" " ind2=" " tag="040"><subfield code="a">TxDaGIAL</subfield><subfield code="c">TxDaGIAL</subfield></datafield><datafield ind1="1" ind2=" " tag="100"><subfield code="a">Paula, Ruth W. de Garcia</subfield><subfield code="q">(Wallace de Garcia)</subfield></datafield><datafield ind1="1" ind2="0" tag="245"><subfield code="a">Compara&#231;&#227;o de afixos de posse em l&#237;nguas Kar&#237;b /</subfield><subfield code="c">Ruth Wallace de Garcia Paula.</subfield></datafield><datafield ind1=" " ind2=" " tag="260"><subfield code="a">Rio de Janeiro :</subfield><subfield code="b">Fundacio Nacional do Indio,</subfield><subfield code="c">1983.</subfield></datafield><datafield ind1=" " ind2=" " tag="300"><subfield code="a">p. [1]-31 :</subfield><subfield code="b">ill. ;</subfield><subfield code="c">23 cm.</subfield></datafield><datafield ind1=" " ind2=" " tag="504"><subfield code="a">Bibliography: p. 31.</subfield></datafield><datafield ind1=" " ind2=" " tag="500"><subfield code="a">Offprint: Boletim do Museu do Indio: Linguistica 2:1-31, 1983.</subfield></datafield><datafield ind1=" " ind2=" " tag="546"><subfield code="a">In Portuguese.</subfield></datafield><datafield ind1=" " ind2="0" tag="650"><subfield code="a">Carib language.</subfield></datafield><datafield ind1=" " ind2=" " tag="035"><subfield code="a">(TxDaGIAL)37741400000603</subfield></datafield><controlfield tag="005">20080624162224.0</controlfield><controlfield tag="001">10509</controlfield><controlfield tag="003">TxDaGIAL</controlfield><datafield ind1=" " ind2=" " tag="852"><subfield code="p">37741400000603</subfield><subfield code="a">Library</subfield><subfield code="b">Kenneth L. Pike Coll</subfield><subfield code="9">$0.00</subfield><subfield code="x">COPYID:12311</subfield><subfield code="x">FSC@aVertFile@c19961206</subfield><subfield code="h">FILE</subfield><subfield code="z">Gift, K.L. Pike</subfield></datafield><datafield ind1=" " ind2=" " tag="852"><subfield code="p">37741400000641</subfield><subfield code="a">Library</subfield><subfield code="b">Kenneth L. Pike Coll</subfield><subfield code="9">$0.00</subfield><subfield code="x">COPYID:12312</subfield><subfield code="x">FSC@aVertFile@c19961206</subfield><subfield code="h">FILE</subfield><subfield code="z">Gift, K.L. Pike</subfield></datafield></record>