
<record><leader>00798nam a2200205 a 4500</leader><controlfield tag="008">961105s1966    at a          000 0 eng d</controlfield><datafield ind1=" " ind2=" " tag="040"><subfield code="a">TxDaGIAL</subfield><subfield code="c">TxDaGIAL</subfield></datafield><datafield ind1="1" ind2=" " tag="100"><subfield code="a">Boxwell, Helen.</subfield></datafield><datafield ind1="1" ind2="0" tag="245"><subfield code="a">Weri phonemes /</subfield><subfield code="c">H. and M. Boxwell.</subfield></datafield><datafield ind1=" " ind2=" " tag="260"><subfield code="a">Canberra :</subfield><subfield code="b">Australian National University,</subfield><subfield code="c">1966.</subfield></datafield><datafield ind1=" " ind2=" " tag="300"><subfield code="a">p. 77-93 :</subfield><subfield code="b">ill., charts ;</subfield><subfield code="c">26 cm.</subfield></datafield><datafield ind1=" " ind2=" " tag="500"><subfield code="a">Offprint: Linguistic Circle of Canberra Publications: Series A, Occasional papers 7:77-93, 1966.</subfield></datafield><datafield ind1=" " ind2="0" tag="650"><subfield code="a">Were language</subfield><subfield code="x">Phonetics.</subfield></datafield><datafield ind1="1" ind2="0" tag="700"><subfield code="a">Boxwell, Maurice.</subfield></datafield><datafield ind1=" " ind2=" " tag="035"><subfield code="a">(TxDaGIAL)37741400000604</subfield></datafield><controlfield tag="005">20080624162224.0</controlfield><controlfield tag="001">10510</controlfield><controlfield tag="003">TxDaGIAL</controlfield><datafield ind1=" " ind2=" " tag="852"><subfield code="p">37741400000604</subfield><subfield code="a">Library</subfield><subfield code="9">$0.00</subfield><subfield code="x">COPYID:12313</subfield><subfield code="x">FSC@aVertFile@c19961206</subfield><subfield code="h">FILE</subfield></datafield><datafield ind1=" " ind2=" " tag="852"><subfield code="p">37741400000605</subfield><subfield code="a">Library</subfield><subfield code="9">$0.00</subfield><subfield code="x">COPYID:12314</subfield><subfield code="x">FSC@aVertFile@c19961206</subfield><subfield code="h">FILE</subfield></datafield></record>