
<record><leader>00702nam a2200193 a 4500</leader><controlfield tag="008">961119s1963    inu      b    000 0 eng d</controlfield><datafield ind1=" " ind2=" " tag="040"><subfield code="a">TxDaGIAL</subfield><subfield code="c">TxDaGIAL</subfield></datafield><datafield ind1="1" ind2=" " tag="100"><subfield code="a">Brockway, Earl.</subfield></datafield><datafield ind1="1" ind2="4" tag="245"><subfield code="a">The phonemes of North Puebla Nahuatl /</subfield><subfield code="c">Earl Brockway.</subfield></datafield><datafield ind1=" " ind2=" " tag="260"><subfield code="a">Bloomington, Ind. :</subfield><subfield code="b">Anthropology Department, Indiana University,</subfield><subfield code="c">1963.</subfield></datafield><datafield ind1=" " ind2=" " tag="300"><subfield code="a">p. 14-18 ;</subfield><subfield code="c">28 cm.</subfield></datafield><datafield ind1=" " ind2=" " tag="504"><subfield code="a">Bibliography: p. 18.</subfield></datafield><datafield ind1=" " ind2=" " tag="500"><subfield code="a">Offprint: Anthropological Linguistics 5(2): 14-18, 1963.</subfield></datafield><datafield ind1=" " ind2="0" tag="650"><subfield code="a">Nahuatl language</subfield><subfield code="z">Mexico</subfield><subfield code="z">Puebla.</subfield></datafield><datafield ind1=" " ind2=" " tag="035"><subfield code="a">(TxDaGIAL)37741400000610</subfield></datafield><controlfield tag="005">20080624162225.0</controlfield><controlfield tag="001">10515</controlfield><controlfield tag="003">TxDaGIAL</controlfield><datafield ind1=" " ind2=" " tag="852"><subfield code="p">37741400000610</subfield><subfield code="a">Library</subfield><subfield code="9">$0.00</subfield><subfield code="x">COPYID:12319</subfield><subfield code="x">FSC@aVertFile@c19961206</subfield><subfield code="h">FILE</subfield></datafield></record>