
<record><leader>00645nam a2200181 a 4500</leader><controlfield tag="008">961119s1950    mdu           000 0 eng d</controlfield><datafield ind1=" " ind2=" " tag="040"><subfield code="a">TxDaGIAL</subfield><subfield code="c">TxDaGIAL</subfield></datafield><datafield ind1="1" ind2=" " tag="100"><subfield code="a">Weathers, Nadine.</subfield></datafield><datafield ind1="1" ind2="0" tag="245"><subfield code="a">Morphological analysis of a Tzotzil (Mayan) text /</subfield><subfield code="c">Nadine Weathers.</subfield></datafield><datafield ind1=" " ind2=" " tag="260"><subfield code="a">Baltimore :</subfield><subfield code="b">Waverly Press,</subfield><subfield code="c">1950.</subfield></datafield><datafield ind1=" " ind2=" " tag="300"><subfield code="a">p. 91-98 ;</subfield><subfield code="c">25 cm.</subfield></datafield><datafield ind1=" " ind2=" " tag="500"><subfield code="a">Offprint: International Journal of American Linguistics 16(2):91-98, 1950.</subfield></datafield><datafield ind1=" " ind2="0" tag="650"><subfield code="a">Tzotzil language.</subfield></datafield><datafield ind1=" " ind2=" " tag="035"><subfield code="a">(TxDaGIAL)37741400000611</subfield></datafield><controlfield tag="005">20080624162225.0</controlfield><controlfield tag="001">10516</controlfield><controlfield tag="003">TxDaGIAL</controlfield><datafield ind1=" " ind2=" " tag="852"><subfield code="p">37741400000611</subfield><subfield code="a">Library</subfield><subfield code="9">$0.00</subfield><subfield code="x">COPYID:12320</subfield><subfield code="x">FSC@aVertFile@c19961206</subfield><subfield code="h">FILE</subfield></datafield></record>