
<record><leader>00652nam a2200181 a 4500</leader><controlfield tag="008">961119s1974    pp a          000 0 eng d</controlfield><datafield ind1=" " ind2=" " tag="040"><subfield code="a">TxDaGIAL</subfield><subfield code="c">TxDaGIAL</subfield></datafield><datafield ind1="1" ind2=" " tag="100"><subfield code="a">Webb, Tom</subfield><subfield code="q">(Thomas)</subfield></datafield><datafield ind1="1" ind2="0" tag="245"><subfield code="a">Urii phonemes /</subfield><subfield code="c">Tom Webb.</subfield></datafield><datafield ind1=" " ind2=" " tag="260"><subfield code="a">Ukarumpa :</subfield><subfield code="b">Summer Institute of Linguistics,</subfield><subfield code="c">1974.</subfield></datafield><datafield ind1=" " ind2=" " tag="300"><subfield code="a">p. 45-96 :</subfield><subfield code="b">ill. ;</subfield><subfield code="c">24 cm.</subfield></datafield><datafield ind1=" " ind2=" " tag="500"><subfield code="a">From: Phonologies of four Papua New Guinea languages, Loving, Richard, ed.: 45-96, 1974.</subfield></datafield><datafield ind1=" " ind2="0" tag="650"><subfield code="a">Urii language</subfield><subfield code="x">Phonemics.</subfield></datafield><datafield ind1=" " ind2=" " tag="035"><subfield code="a">(TxDaGIAL)37741400000612</subfield></datafield><controlfield tag="005">20080624162225.0</controlfield><controlfield tag="001">10517</controlfield><controlfield tag="003">TxDaGIAL</controlfield><datafield ind1=" " ind2=" " tag="852"><subfield code="p">37741400000612</subfield><subfield code="a">Library</subfield><subfield code="9">$0.00</subfield><subfield code="x">COPYID:12321</subfield><subfield code="x">FSC@aVertFile@c19961206</subfield><subfield code="h">FILE</subfield></datafield></record>