
<record><leader>00786nam a2200205 a 4500</leader><controlfield tag="008">961119s1975    at a     b    000 0 eng d</controlfield><datafield ind1=" " ind2=" " tag="040"><subfield code="a">TxDaGIAL</subfield><subfield code="c">TxDaGIAL</subfield></datafield><datafield ind1="1" ind2=" " tag="100"><subfield code="a">Weimer, Harry.</subfield></datafield><datafield ind1="1" ind2="2" tag="245"><subfield code="a">A short sketch of Yareba grammar /</subfield><subfield code="c">Harry and Natalia Weimer.</subfield></datafield><datafield ind1=" " ind2=" " tag="260"><subfield code="a">Canberra :</subfield><subfield code="b">Australian National University,</subfield><subfield code="c">1975.</subfield></datafield><datafield ind1=" " ind2=" " tag="300"><subfield code="a">p. 667-729 :</subfield><subfield code="b">ill., charts ;</subfield><subfield code="c">26 cm.</subfield></datafield><datafield ind1=" " ind2=" " tag="504"><subfield code="a">Bibliography: p. 729.</subfield></datafield><datafield ind1=" " ind2=" " tag="500"><subfield code="a">Offprint: Studies in languages of Central and South-east Papua, (Pacific Linguistics series C(29):667-729, 1975.</subfield></datafield><datafield ind1=" " ind2="0" tag="650"><subfield code="a">Yareba language</subfield><subfield code="x">Grammar.</subfield></datafield><datafield ind1="1" ind2="0" tag="700"><subfield code="a">Weimer, Natalia.</subfield></datafield><datafield ind1=" " ind2=" " tag="035"><subfield code="a">(TxDaGIAL)37741400000614</subfield></datafield><controlfield tag="005">20080624162225.0</controlfield><controlfield tag="001">10518</controlfield><controlfield tag="003">TxDaGIAL</controlfield><datafield ind1=" " ind2=" " tag="852"><subfield code="p">37741400000614</subfield><subfield code="a">Library</subfield><subfield code="9">$0.00</subfield><subfield code="x">COPYID:12322</subfield><subfield code="x">FSC@aVertFile@c19961206</subfield><subfield code="h">FILE</subfield></datafield></record>