
<record><leader>00727nam a2200193 a 4500</leader><controlfield tag="008">961122r19571963ndu     rb    000 0 eng d</controlfield><datafield ind1=" " ind2=" " tag="040"><subfield code="a">TxDaGIAL</subfield><subfield code="c">TxDaGIAL</subfield></datafield><datafield ind1="1" ind2=" " tag="100"><subfield code="a">Abrams, Norman.</subfield></datafield><datafield ind1="1" ind2="0" tag="245"><subfield code="a">Vowel quantity in Mansaka phonemics /</subfield><subfield code="c">Norman Abrams.</subfield></datafield><datafield ind1=" " ind2=" " tag="260"><subfield code="a">Grand Forks, N.D. :</subfield><subfield code="b">Summer Institute of Linguistics, University of North Dakota,</subfield><subfield code="c">1957.</subfield></datafield><datafield ind1=" " ind2=" " tag="300"><subfield code="a">12 p. ;</subfield><subfield code="c">28 cm.</subfield></datafield><datafield ind1=" " ind2=" " tag="504"><subfield code="a">Includes bibliographical references.</subfield></datafield><datafield ind1=" " ind2=" " tag="500"><subfield code="a">Published in Philippine Journal of Sciences 92:195-204, 1963.</subfield></datafield><datafield ind1=" " ind2="0" tag="650"><subfield code="a">Mansaka language</subfield><subfield code="x">Vowels.</subfield></datafield><datafield ind1=" " ind2=" " tag="035"><subfield code="a">(TxDaGIAL)37741400000618</subfield></datafield><controlfield tag="005">20080624162226.0</controlfield><controlfield tag="001">10521</controlfield><controlfield tag="003">TxDaGIAL</controlfield><datafield ind1=" " ind2=" " tag="852"><subfield code="p">37741400000618</subfield><subfield code="a">Library</subfield><subfield code="9">$0.00</subfield><subfield code="x">COPYID:12326</subfield><subfield code="x">FSC@aVertFile@c19961206</subfield><subfield code="h">FILE</subfield></datafield></record>