
<record><leader>00834nam a2200205 a 4500</leader><controlfield tag="008">961122s1978    ne a     b    010 0 eng d</controlfield><datafield ind1=" " ind2=" " tag="040"><subfield code="a">TxDaGIAL</subfield><subfield code="c">TxDaGIAL</subfield></datafield><datafield ind1="1" ind2=" " tag="100"><subfield code="a">Hardman, Martha James.</subfield></datafield><datafield ind1="1" ind2="0" tag="245"><subfield code="a">Linguistic postulates and applied anthropological linguistics /</subfield><subfield code="c">M.J. Hardman-de-Bautista.</subfield></datafield><datafield ind1=" " ind2=" " tag="260"><subfield code="a">The Hague :</subfield><subfield code="b">Mouton,</subfield><subfield code="c">1978.</subfield></datafield><datafield ind1=" " ind2=" " tag="300"><subfield code="a">p. 119-136 :</subfield><subfield code="b">ill., map, chart ;</subfield><subfield code="c">24 cm.</subfield></datafield><datafield ind1=" " ind2=" " tag="504"><subfield code="a">Bibliography: p. 133-136.</subfield></datafield><datafield ind1=" " ind2=" " tag="500"><subfield code="a">Offprint: Papers on linguistics and child language: eds., V. Honsa, M.J. Hardman-de-Bautista: 119-136, 1978.</subfield></datafield><datafield ind1=" " ind2="0" tag="650"><subfield code="a">Cauqui language.</subfield></datafield><datafield ind1=" " ind2="0" tag="650"><subfield code="a">Aymara language.</subfield></datafield><datafield ind1=" " ind2=" " tag="035"><subfield code="a">(TxDaGIAL)37741400000620</subfield></datafield><controlfield tag="005">20080624162227.0</controlfield><controlfield tag="001">10523</controlfield><controlfield tag="003">TxDaGIAL</controlfield><datafield ind1=" " ind2=" " tag="852"><subfield code="p">37741400000620</subfield><subfield code="a">Library</subfield><subfield code="b">Kenneth L. Pike Coll</subfield><subfield code="9">$0.00</subfield><subfield code="x">COPYID:12328</subfield><subfield code="x">FSC@aVertFile@c19961206</subfield><subfield code="h">FILE</subfield><subfield code="z">Gift, K.L. Pike</subfield></datafield></record>