
<record><leader>00894nam a2200217 a 4500</leader><controlfield tag="008">961122s1994    xx a     b    100 0 eng d</controlfield><datafield ind1=" " ind2=" " tag="040"><subfield code="a">TxDaGIAL</subfield><subfield code="c">TxDaGIAL</subfield></datafield><datafield ind1="1" ind2=" " tag="100"><subfield code="a">Wilner, John.</subfield></datafield><datafield ind1="1" ind2="0" tag="245"><subfield code="a">Non-temporal uses of "ben" in Sranan Tongo /</subfield><subfield code="c">John Wilner.</subfield></datafield><datafield ind1=" " ind2=" " tag="260"><subfield code="c">1994.</subfield></datafield><datafield ind1=" " ind2=" " tag="300"><subfield code="a">8 p. :</subfield><subfield code="b">ill. ;</subfield><subfield code="c">28 cm.</subfield></datafield><datafield ind1=" " ind2=" " tag="500"><subfield code="a">Prepared for: Tenth Biennial Conference of the Society for Caribbean Linguistics and Second Joint Conference with the Society for Pidgin Linguistics, 1994.</subfield></datafield><datafield ind1=" " ind2="0" tag="650"><subfield code="a">Sranan language.</subfield></datafield><datafield ind1=" " ind2="0" tag="650"><subfield code="a">Ben (Sranan word)</subfield></datafield><datafield ind1="2" ind2="0" tag="711"><subfield code="a">Conference of the Society for Caribbean Linguistics</subfield><subfield code="n">(10th :</subfield><subfield code="d">1994 :</subfield><subfield code="c">Paramaribo)</subfield></datafield><datafield ind1="2" ind2="0" tag="711"><subfield code="a">Society for Pidgin Linguistics</subfield><subfield code="n">(2nd :</subfield><subfield code="d">1994 :</subfield><subfield code="c">Paramaribo)</subfield></datafield><datafield ind1=" " ind2=" " tag="035"><subfield code="a">(TxDaGIAL)37741400000624</subfield></datafield><controlfield tag="005">20080624162227.0</controlfield><controlfield tag="001">10526</controlfield><controlfield tag="003">TxDaGIAL</controlfield><datafield ind1=" " ind2=" " tag="852"><subfield code="p">37741400000624</subfield><subfield code="a">Library</subfield><subfield code="9">$0.00</subfield><subfield code="x">COPYID:12331</subfield><subfield code="x">FSC@aVertFile@c19961206</subfield><subfield code="h">FILE</subfield></datafield></record>