
<record><leader>00717cam a2200205 a 4500</leader><controlfield tag="008">961202s1957    mdua          000 0 eng d</controlfield><datafield ind1=" " ind2=" " tag="040"><subfield code="a">TxDaGIAL</subfield><subfield code="c">TxDaGIAL</subfield><subfield code="d">TxDaGIAL</subfield></datafield><datafield ind1="1" ind2=" " tag="100"><subfield code="a">Agnew, Arlene.</subfield></datafield><datafield ind1="1" ind2="0" tag="245"><subfield code="a">Phonemes of Ocaina (Huitoto) /</subfield><subfield code="c">Arlene Agnew and Evelyn G. Pike.</subfield></datafield><datafield ind1=" " ind2=" " tag="260"><subfield code="a">Baltimore :</subfield><subfield code="b">Waverly,</subfield><subfield code="c">1957.</subfield></datafield><datafield ind1=" " ind2=" " tag="300"><subfield code="a">p. 24-27 :</subfield><subfield code="b">ill. ;</subfield><subfield code="c">25 cm.</subfield></datafield><datafield ind1=" " ind2=" " tag="500"><subfield code="a">Offprint: International Journal of American Linguistics 23(1):24-27, 1957.</subfield></datafield><datafield ind1=" " ind2="0" tag="650"><subfield code="a">Ocaina language.</subfield></datafield><datafield ind1=" " ind2="0" tag="650"><subfield code="a">Witotoan languages.</subfield></datafield><datafield ind1="1" ind2="0" tag="700"><subfield code="a">Pike, Evelyn G.</subfield></datafield><datafield ind1=" " ind2=" " tag="035"><subfield code="a">(TxDaGIAL)37741400000629</subfield></datafield><controlfield tag="005">20080624162227.0</controlfield><controlfield tag="001">10530</controlfield><controlfield tag="003">TxDaGIAL</controlfield><datafield ind1=" " ind2=" " tag="852"><subfield code="p">37741400000629</subfield><subfield code="a">Library</subfield><subfield code="9">$0.00</subfield><subfield code="x">COPYID:12335</subfield><subfield code="x">FSC@aVertFile@c19961206</subfield><subfield code="h">FILE</subfield></datafield></record>