
<record><leader>00831nam a2200205 a 4500</leader><controlfield tag="008">961202s1965    at a     b    000 0 eng d</controlfield><datafield ind1=" " ind2=" " tag="040"><subfield code="a">TxDaGIAL</subfield><subfield code="c">TxDaGIAL</subfield></datafield><datafield ind1="1" ind2=" " tag="100"><subfield code="a">Bee, Darlene Laverne.</subfield></datafield><datafield ind1="1" ind2="0" tag="245"><subfield code="a">Usarufa distinctive features and phonemes /</subfield><subfield code="c">Darlene Bee.</subfield></datafield><datafield ind1=" " ind2=" " tag="260"><subfield code="a">Canberra :</subfield><subfield code="b">Australian National University,</subfield><subfield code="c">1965.</subfield></datafield><datafield ind1=" " ind2=" " tag="300"><subfield code="a">p. 39-68 :</subfield><subfield code="b">ill., charts ;</subfield><subfield code="c">26 cm.</subfield></datafield><datafield ind1=" " ind2=" " tag="504"><subfield code="a">Bibliography: p. 68.</subfield></datafield><datafield ind1=" " ind2=" " tag="500"><subfield code="a">Offprint: Linguistic Circle of Canberra Publications, series A-Occasional papers 6:39-68, 1965.</subfield></datafield><datafield ind1=" " ind2="0" tag="650"><subfield code="a">Usarufa language</subfield><subfield code="x">Phonology.</subfield></datafield><datafield ind1=" " ind2=" " tag="035"><subfield code="a">(TxDaGIAL)37741400000630</subfield></datafield><controlfield tag="005">20080624162227.0</controlfield><controlfield tag="001">10531</controlfield><controlfield tag="003">TxDaGIAL</controlfield><datafield ind1=" " ind2=" " tag="852"><subfield code="p">37741400000630</subfield><subfield code="a">Library</subfield><subfield code="9">$0.00</subfield><subfield code="x">COPYID:12336</subfield><subfield code="x">FSC@aVertFile@c19961206</subfield><subfield code="h">FILE</subfield></datafield><datafield ind1=" " ind2=" " tag="852"><subfield code="p">37741400000631</subfield><subfield code="a">Library</subfield><subfield code="9">$0.00</subfield><subfield code="x">COPYID:12337</subfield><subfield code="x">FSC@aVertFile@c19961206</subfield><subfield code="h">FILE</subfield></datafield></record>