
<record><leader>00765nam a2200205   4500</leader><controlfield tag="008">961203s1960    bl       b    000 0 eng d</controlfield><datafield ind1=" " ind2=" " tag="040"><subfield code="a">TxDaGIAL</subfield><subfield code="c">TxDaGIAL</subfield></datafield><datafield ind1="1" ind2=" " tag="100"><subfield code="a">Wiesemann, Ursula.</subfield></datafield><datafield ind1="1" ind2="0" tag="245"><subfield code="a">Semantic categories of "good" and "bad" in relation to Kaingang personal names /</subfield><subfield code="c">by Ursula Wiesemann.</subfield></datafield><datafield ind1=" " ind2=" " tag="260"><subfield code="a">S&#227;o Paulo :</subfield><subfield code="b">Museu Paulista,</subfield><subfield code="c">1960.</subfield></datafield><datafield ind1=" " ind2=" " tag="300"><subfield code="a">p. [177]-184 ;</subfield><subfield code="c">23 cm.</subfield></datafield><datafield ind1=" " ind2=" " tag="504"><subfield code="a">Includes bibliographical references.</subfield></datafield><datafield ind1=" " ind2=" " tag="500"><subfield code="a">Offprint: Revista do Museu Paulista, Nova s&#233;rie 12:177-184, 1960.</subfield></datafield><datafield ind1=" " ind2="0" tag="650"><subfield code="a">Kaingang language.</subfield></datafield><datafield ind1=" " ind2="0" tag="650"><subfield code="a">Names, Personal.</subfield></datafield><datafield ind1=" " ind2=" " tag="035"><subfield code="a">(TxDaGIAL)37741400000643</subfield></datafield><controlfield tag="005">20080624162228.0</controlfield><controlfield tag="001">10541</controlfield><controlfield tag="003">TxDaGIAL</controlfield><datafield ind1=" " ind2=" " tag="852"><subfield code="p">37741400000643</subfield><subfield code="a">Library</subfield><subfield code="9">$0.00</subfield><subfield code="x">COPYID:12348</subfield><subfield code="x">FSC@aVertFile@c19961108</subfield><subfield code="h">FILE</subfield></datafield></record>