
<record><leader>00779nam a2200217 a 4500</leader><controlfield tag="008">970128s1977    xx ad   rb    000 0 spa d</controlfield><datafield ind1=" " ind2=" " tag="040"><subfield code="a">TxDaGIAL</subfield><subfield code="c">TxDaGIAL</subfield></datafield><datafield ind1="1" ind2=" " tag="100"><subfield code="a">Almeida, Ileana.</subfield></datafield><datafield ind1="1" ind2="0" tag="245"><subfield code="a">Hacia un estudio semantico del Kichua(1) del Ecuador /</subfield><subfield code="c">Ileana Almeida de O&#241;a, Julieta Haidar de Mari&#241;ez.</subfield></datafield><datafield ind1=" " ind2=" " tag="260"><subfield code="c">[ca. 1977]</subfield></datafield><datafield ind1=" " ind2=" " tag="300"><subfield code="a">p. [1003]-1019 :</subfield><subfield code="b">ill., charts ;</subfield><subfield code="c">22 cm.</subfield></datafield><datafield ind1=" " ind2=" " tag="504"><subfield code="a">Includes bibliographical references.</subfield></datafield><datafield ind1=" " ind2=" " tag="500"><subfield code="a">Photocopy.</subfield></datafield><datafield ind1=" " ind2=" " tag="546"><subfield code="a">In Spanish.</subfield></datafield><datafield ind1=" " ind2="0" tag="650"><subfield code="a">Quechua language</subfield><subfield code="z">Ecuador.</subfield></datafield><datafield ind1="1" ind2="0" tag="700"><subfield code="a">Haidar, Julieta.</subfield></datafield><datafield ind1=" " ind2=" " tag="035"><subfield code="a">(TxDaGIAL)37741400000650</subfield></datafield><controlfield tag="005">20080624162229.0</controlfield><controlfield tag="001">10547</controlfield><controlfield tag="003">TxDaGIAL</controlfield><datafield ind1=" " ind2=" " tag="852"><subfield code="p">37741400000650</subfield><subfield code="a">Library</subfield><subfield code="b">Kenneth L. Pike Coll</subfield><subfield code="9">$0.00</subfield><subfield code="x">COPYID:12354</subfield><subfield code="x">FSC@aVertFile@c19961209</subfield><subfield code="h">FILE</subfield><subfield code="z">Gift, K.L. Pike</subfield></datafield></record>