
<record><leader>00913nam a2200217 a 4500</leader><controlfield tag="008">970129s1987    xx       b    100 0 eng d</controlfield><datafield ind1=" " ind2=" " tag="040"><subfield code="a">TxDaGIAL</subfield><subfield code="c">TxDaGIAL</subfield></datafield><datafield ind1="1" ind2=" " tag="100"><subfield code="a">Andreyev, Nikolay D.</subfield></datafield><datafield ind1="1" ind2="4" tag="245"><subfield code="a">The importance of Estonian for boreal reconstructions /</subfield><subfield code="c">Nikolay D. Andreyev.</subfield></datafield><datafield ind1=" " ind2=" " tag="260"><subfield code="c">1987.</subfield></datafield><datafield ind1=" " ind2=" " tag="300"><subfield code="a">p. 17-19 ;</subfield><subfield code="c">28 cm.</subfield></datafield><datafield ind1=" " ind2=" " tag="504"><subfield code="a">Bibliography: p. 19.</subfield></datafield><datafield ind1=" " ind2=" " tag="500"><subfield code="a">Photocopy: Symposium on language universals, `Estonian data contributing to the theory of language universals' &amp; `The hierarchical nature of language' Tallinn, July 28-30, 1987.</subfield></datafield><datafield ind1=" " ind2="0" tag="650"><subfield code="a">Language universals.</subfield></datafield><datafield ind1=" " ind2="0" tag="650"><subfield code="a">Estonian language.</subfield></datafield><datafield ind1="2" ind2="0" tag="711"><subfield code="a">Symposium on language universals</subfield><subfield code="d">(1987 :</subfield><subfield code="c">Tallinn)</subfield></datafield><datafield ind1=" " ind2=" " tag="035"><subfield code="a">(TxDaGIAL)37741400000654</subfield></datafield><controlfield tag="005">20080624162229.0</controlfield><controlfield tag="001">10551</controlfield><controlfield tag="003">TxDaGIAL</controlfield><datafield ind1=" " ind2=" " tag="852"><subfield code="p">37741400000654</subfield><subfield code="a">Library</subfield><subfield code="b">Kenneth L. Pike Coll</subfield><subfield code="9">$0.00</subfield><subfield code="x">COPYID:12358</subfield><subfield code="x">FSC@aVertFile@c19961209</subfield><subfield code="h">FILE</subfield><subfield code="z">Gift, K.L. Pike</subfield></datafield></record>