
<record><leader>00878nam a2200205 a 4500</leader><controlfield tag="008">980225r19641934njua          000 0 eng d</controlfield><datafield ind1=" " ind2=" " tag="040"><subfield code="a">TxDaGIAL</subfield><subfield code="c">TxDaGIAL</subfield></datafield><datafield ind1="0" ind2="4" tag="082"><subfield code="a">493/.54/158</subfield><subfield code="2">21</subfield></datafield><datafield ind1="1" ind2=" " tag="100"><subfield code="a">Armstrong, Lilias Eveline,</subfield><subfield code="d">d. 1937.</subfield></datafield><datafield ind1="1" ind2="4" tag="245"><subfield code="a">The phonetic structure of Somali /</subfield><subfield code="c">Lilias E. Armstrong.</subfield></datafield><datafield ind1=" " ind2=" " tag="260"><subfield code="a">Ridgewood, N.J. :</subfield><subfield code="b">Gregg Press,</subfield><subfield code="c">1964.</subfield></datafield><datafield ind1=" " ind2=" " tag="300"><subfield code="a">[48] p. :</subfield><subfield code="b">ill. ;</subfield><subfield code="c">24 cm.</subfield></datafield><datafield ind1=" " ind2=" " tag="500"><subfield code="a">"Republished in 1964 by Gregg Press Inc., ... Ridgewood, N.J." -- t.p.</subfield></datafield><datafield ind1=" " ind2=" " tag="534"><subfield code="p">Originally published:</subfield><subfield code="c">1934.</subfield><subfield code="f">(Mitteilungen des Seminars f&#252;r orientalische Sprachen zu Berlin ; n&#176; 37)</subfield></datafield><datafield ind1=" " ind2="0" tag="650"><subfield code="a">Somali language</subfield><subfield code="x">Phonetics.</subfield></datafield><datafield ind1=" " ind2=" " tag="035"><subfield code="a">(TxDaGIAL)37741100022431</subfield></datafield><controlfield tag="005">20080624162232.0</controlfield><controlfield tag="001">10581</controlfield><controlfield tag="003">TxDaGIAL</controlfield><datafield ind1=" " ind2=" " tag="852"><subfield code="p">37741100022431</subfield><subfield code="a">Library</subfield><subfield code="b">James E. Redden Coll</subfield><subfield code="9">$0.00</subfield><subfield code="x">COPYID:12388</subfield><subfield code="x">FSC@aRegular@c19980831</subfield><subfield code="h">493.54158 A736p 1964</subfield><subfield code="z">Gift, J.E. Redden</subfield></datafield></record>