
<record><leader>00774nam a2200205 a 4500</leader><controlfield tag="008">970904s1975    gw a     b    000 0 eng d</controlfield><datafield ind1=" " ind2=" " tag="040"><subfield code="a">TxDaGIAL</subfield><subfield code="c">TxDaGIAL</subfield></datafield><datafield ind1="1" ind2=" " tag="100"><subfield code="a">Pilch, Herbert.</subfield></datafield><datafield ind1="1" ind2="0" tag="245"><subfield code="a">Advanced Welsh phonemics /</subfield><subfield code="c">Herbert Pilch.</subfield></datafield><datafield ind1=" " ind2=" " tag="260"><subfield code="a">T&#252;bingen :</subfield><subfield code="b">Max Niemeyer Verlag,</subfield><subfield code="c">1975.</subfield></datafield><datafield ind1=" " ind2=" " tag="300"><subfield code="a">p. [60]-102 :</subfield><subfield code="b">ill. ;</subfield><subfield code="c">24 cm.</subfield></datafield><datafield ind1=" " ind2=" " tag="504"><subfield code="a">Includes bibliographical references.</subfield></datafield><datafield ind1=" " ind2=" " tag="500"><subfield code="a">Offprint: Zeitschrift f&#252;r celtische philologie 34:60-102, 1975.</subfield></datafield><datafield ind1=" " ind2=" " tag="590"><subfield code="a">Inscribed to Dr. Pike by author.</subfield></datafield><datafield ind1=" " ind2="0" tag="650"><subfield code="a">Welsh language</subfield><subfield code="x">Phonemics.</subfield></datafield><datafield ind1=" " ind2=" " tag="035"><subfield code="a">(TxDaGIAL)37741400000682</subfield></datafield><controlfield tag="005">20080624162238.0</controlfield><controlfield tag="001">10600</controlfield><controlfield tag="003">TxDaGIAL</controlfield><datafield ind1=" " ind2=" " tag="852"><subfield code="p">37741400000682</subfield><subfield code="a">Library</subfield><subfield code="b">Kenneth L. Pike Coll</subfield><subfield code="9">$0.00</subfield><subfield code="x">COPYID:12425</subfield><subfield code="x">FSC@aVertFile@c19970904</subfield><subfield code="h">FILE</subfield><subfield code="z">Gift, K.L. Pike</subfield></datafield></record>