
<record><leader>00918nam a2200205 a 4500</leader><controlfield tag="008">971020s1967    bl            000 0 eng d</controlfield><datafield ind1=" " ind2=" " tag="040"><subfield code="a">TxDaGIAL</subfield><subfield code="c">TxDaGIAL</subfield></datafield><datafield ind1="1" ind2=" " tag="100"><subfield code="a">Popovich, Andrew Harold.</subfield></datafield><datafield ind1="1" ind2="0" tag="245"><subfield code="a">Large grammatical units and the space-time setting in Maxakal&#237; /</subfield><subfield code="c">Harold Popovich.</subfield></datafield><datafield ind1=" " ind2=" " tag="260"><subfield code="a">[Rio de Janeiro :</subfield><subfield code="b">Conselho Nacional de Pesquisas],</subfield><subfield code="c">1967.</subfield></datafield><datafield ind1=" " ind2=" " tag="300"><subfield code="a">p. [195]-199 ;</subfield><subfield code="c">23 cm.</subfield></datafield><datafield ind1=" " ind2=" " tag="500"><subfield code="a">Offprint: Atas do Simp&#243;sio s&#244;bre a Biota Amaz&#244;nica 2 (Antropologia):195-199, 1967.</subfield></datafield><datafield ind1=" " ind2="0" tag="650"><subfield code="a">Masacali language</subfield><subfield code="x">Grammar.</subfield></datafield><datafield ind1=" " ind2="0" tag="650"><subfield code="a">Space and time.</subfield></datafield><datafield ind1=" " ind2=" " tag="035"><subfield code="a">(TxDaGIAL)37741400000746</subfield></datafield><controlfield tag="005">20080624162240.0</controlfield><controlfield tag="001">10619</controlfield><controlfield tag="003">TxDaGIAL</controlfield><datafield ind1=" " ind2=" " tag="852"><subfield code="p">37741400000746</subfield><subfield code="a">Library</subfield><subfield code="b">Kenneth L. Pike Coll</subfield><subfield code="9">$0.00</subfield><subfield code="x">COPYID:12445</subfield><subfield code="x">FSC@aVertFile@c19971020</subfield><subfield code="h">FILE</subfield><subfield code="z">Gift, K.L. Pike</subfield></datafield><datafield ind1=" " ind2=" " tag="852"><subfield code="p">37741400000753</subfield><subfield code="a">Library</subfield><subfield code="b">Kenneth L. Pike Coll</subfield><subfield code="9">$0.00</subfield><subfield code="x">COPYID:12446</subfield><subfield code="x">FSC@aVertFile@c19970731</subfield><subfield code="h">FILE</subfield><subfield code="z">Gift, K.L. Pike</subfield></datafield></record>