
<record><leader>00786nam a2200205 a 4500</leader><controlfield tag="008">971020s1965    mdu      b    000 0 eng d</controlfield><datafield ind1=" " ind2=" " tag="040"><subfield code="a">TxDaGIAL</subfield><subfield code="c">TxDaGIAL</subfield></datafield><datafield ind1="1" ind2=" " tag="100"><subfield code="a">Powlison, Paul Stewart,</subfield><subfield code="d">1923-</subfield></datafield><datafield ind1="1" ind2="2" tag="245"><subfield code="a">A paragraph analysis of a Yagua folktale.</subfield></datafield><datafield ind1=" " ind2=" " tag="260"><subfield code="a">[Baltimore :</subfield><subfield code="b">Indiana University],</subfield><subfield code="c">1965.</subfield></datafield><datafield ind1=" " ind2=" " tag="300"><subfield code="a">p. 109-118 ;</subfield><subfield code="c">26 cm.</subfield></datafield><datafield ind1=" " ind2=" " tag="504"><subfield code="a">Includes bibliographical references.</subfield></datafield><datafield ind1=" " ind2=" " tag="500"><subfield code="a">Offprint: International journal of American linguistics 31(2):109-118, 1965.</subfield></datafield><datafield ind1=" " ind2="0" tag="650"><subfield code="a">Yagua language</subfield><subfield code="x">Discourse analysis, Narrative.</subfield></datafield><datafield ind1=" " ind2="0" tag="650"><subfield code="a">Tales.</subfield></datafield><datafield ind1=" " ind2=" " tag="035"><subfield code="a">(TxDaGIAL)37741400000747</subfield></datafield><controlfield tag="005">20080624162242.0</controlfield><controlfield tag="001">10639</controlfield><controlfield tag="003">TxDaGIAL</controlfield><datafield ind1=" " ind2=" " tag="852"><subfield code="p">37741400000747</subfield><subfield code="a">Library</subfield><subfield code="b">Kenneth L. Pike Coll</subfield><subfield code="9">$0.00</subfield><subfield code="x">COPYID:12466</subfield><subfield code="x">FSC@aVertFile@c19970731</subfield><subfield code="h">FILE</subfield><subfield code="z">Gift, K.L. Pike</subfield></datafield></record>