
<record><leader>00789nam a2200205 a 4500</leader><controlfield tag="008">970904s1985    ne a     ab   000 0 eng d</controlfield><datafield ind1=" " ind2=" " tag="040"><subfield code="a">TxDaGIAL</subfield><subfield code="c">TxDaGIAL</subfield></datafield><datafield ind1="1" ind2=" " tag="100"><subfield code="a">Panhuis, Dirk G. J.</subfield></datafield><datafield ind1="1" ind2="0" tag="245"><subfield code="a">Traditional, structuralist, and textlinguistic approaches to the (Latin) vocative /</subfield><subfield code="c">Dirk Panhuis.</subfield></datafield><datafield ind1=" " ind2=" " tag="260"><subfield code="a">Amsterdam :</subfield><subfield code="b">John Benjamins,</subfield><subfield code="c">1985.</subfield></datafield><datafield ind1=" " ind2=" " tag="300"><subfield code="a">p. 19 :</subfield><subfield code="b">ill. ;</subfield><subfield code="c">22 cm.</subfield></datafield><datafield ind1=" " ind2=" " tag="504"><subfield code="a">Bibliography: p. 16-19.</subfield></datafield><datafield ind1=" " ind2=" " tag="500"><subfield code="a">Offprint: Studies in language 9(1):1-19, 1985.</subfield></datafield><datafield ind1=" " ind2=" " tag="590"><subfield code="a">Inscribed to Dr. Pike by author.</subfield></datafield><datafield ind1=" " ind2="0" tag="650"><subfield code="a">Latin language</subfield><subfield code="x">Syntax.</subfield></datafield><datafield ind1=" " ind2=" " tag="035"><subfield code="a">(TxDaGIAL)37741400000738</subfield></datafield><controlfield tag="005">20080624162245.0</controlfield><controlfield tag="001">10653</controlfield><controlfield tag="003">TxDaGIAL</controlfield><datafield ind1=" " ind2=" " tag="852"><subfield code="p">37741400000738</subfield><subfield code="a">Library</subfield><subfield code="b">Kenneth L. Pike Coll</subfield><subfield code="9">$0.00</subfield><subfield code="x">COPYID:12482</subfield><subfield code="x">FSC@aVertFile@c19970904</subfield><subfield code="h">FILE</subfield><subfield code="z">Gift, K.L. Pike</subfield></datafield></record>