
<record><leader>00790nam a2200205 a 4500</leader><controlfield tag="008">970827s1975    txu      b    000 0 eng d</controlfield><datafield ind1=" " ind2=" " tag="040"><subfield code="a">TxDaGIAL</subfield><subfield code="c">TxDaGIAL</subfield></datafield><datafield ind1="1" ind2=" " tag="100"><subfield code="a">Irvine, Judith T.</subfield></datafield><datafield ind1="1" ind2="0" tag="245"><subfield code="a">Wolof speech styles and social status /</subfield><subfield code="c">by Judith T. Irvine.</subfield></datafield><datafield ind1=" " ind2=" " tag="260"><subfield code="a">Austin, Tex. :</subfield><subfield code="b">Southwest Educational Development Laboratory,</subfield><subfield code="c">1975.</subfield></datafield><datafield ind1=" " ind2=" " tag="300"><subfield code="a">11 leaves ;</subfield><subfield code="c">28 cm.</subfield></datafield><datafield ind1=" " ind2=" " tag="504"><subfield code="a">Includes bibliographical references.</subfield></datafield><datafield ind1=" " ind2=" " tag="500"><subfield code="a">Offprint: Working papers in sociolinguistics 23:1-11, 1975.</subfield></datafield><datafield ind1=" " ind2="0" tag="650"><subfield code="a">Wolof language.</subfield></datafield><datafield ind1=" " ind2="0" tag="650"><subfield code="a">Speech and social status.</subfield></datafield><datafield ind1=" " ind2=" " tag="035"><subfield code="a">(TxDaGIAL)37741400000744</subfield></datafield><controlfield tag="005">20080624162246.0</controlfield><controlfield tag="001">10658</controlfield><controlfield tag="003">TxDaGIAL</controlfield><datafield ind1=" " ind2=" " tag="852"><subfield code="p">37741400000744</subfield><subfield code="a">Library</subfield><subfield code="b">Kenneth L. Pike Coll</subfield><subfield code="9">$0.00</subfield><subfield code="x">COPYID:12487</subfield><subfield code="x">FSC@aVertFile@c19970827</subfield><subfield code="h">FILE</subfield><subfield code="z">Gift, K.L. Pike</subfield></datafield></record>