
<record><leader>00788nam a2200217 a 4500</leader><controlfield tag="008">981016s1998    xx ab    b    000 0 eng d</controlfield><datafield ind1=" " ind2=" " tag="040"><subfield code="a">TxDaGIAL</subfield><subfield code="c">TxDaGIAL</subfield></datafield><datafield ind1=" " ind2="4" tag="082"><subfield code="a">491/.4/9</subfield><subfield code="2">21</subfield></datafield><datafield ind1="1" ind2=" " tag="100"><subfield code="a">Boehm, Edward D.</subfield><subfield code="q">(Edward Daniel),</subfield><subfield code="d">1957-</subfield></datafield><datafield ind1="1" ind2="2" tag="245"><subfield code="a">A phonological reconstruction of Proto-Tharu /</subfield><subfield code="c">Edward Daniel Boehm.</subfield></datafield><datafield ind1=" " ind2=" " tag="260"><subfield code="c">1998.</subfield></datafield><datafield ind1=" " ind2=" " tag="300"><subfield code="a">xvi, 247 leaves :</subfield><subfield code="b">ill., map ;</subfield><subfield code="c">28 cm.</subfield></datafield><datafield ind1=" " ind2=" " tag="502"><subfield code="a">Thesis (M.A.) -- University of Texas at Arlington, 1998.</subfield></datafield><datafield ind1=" " ind2=" " tag="504"><subfield code="a">Bibliography: p. 240-247.</subfield></datafield><datafield ind1=" " ind2="0" tag="650"><subfield code="a">Indo-Aryan languages</subfield><subfield code="x">Phonology.</subfield></datafield><datafield ind1=" " ind2="0" tag="650"><subfield code="a">Tharu language</subfield><subfield code="x">Phonology, Historical.</subfield></datafield><datafield ind1=" " ind2=" " tag="035"><subfield code="a">(TxDaGIAL)37741100022615</subfield></datafield><controlfield tag="005">20080624162246.0</controlfield><controlfield tag="001">10660</controlfield><controlfield tag="003">TxDaGIAL</controlfield><datafield ind1=" " ind2=" " tag="852"><subfield code="p">37741100022615</subfield><subfield code="a">Library</subfield><subfield code="x">COPYID:12489</subfield><subfield code="x">FSC@aRegular@c19981021</subfield><subfield code="h">491.49 B671p 1998</subfield></datafield></record>