
<record><leader>00766nam a2200217 a 4500</leader><controlfield tag="008">981016s1998    xx ab    b    000 0 eng d</controlfield><datafield ind1=" " ind2=" " tag="040"><subfield code="a">TxDaGIAL</subfield><subfield code="c">TxDaGIAL</subfield></datafield><datafield ind1=" " ind2="4" tag="082"><subfield code="a">496/.3/9</subfield><subfield code="2">21</subfield></datafield><datafield ind1=" " ind2=" " tag="094"><subfield code="a">pag00</subfield><subfield code="2">ROPAL</subfield></datafield><datafield ind1="1" ind2=" " tag="100"><subfield code="a">Reeder, JeDene.</subfield></datafield><datafield ind1="1" ind2="0" tag="245"><subfield code="a">Pagibete, a northern Bantu borderlands language :</subfield><subfield code="b">a grammatical sketch /</subfield><subfield code="c">JeDene Reeder.</subfield></datafield><datafield ind1=" " ind2=" " tag="260"><subfield code="c">1998.</subfield></datafield><datafield ind1=" " ind2=" " tag="300"><subfield code="a">xiii, 173, [1] p. :</subfield><subfield code="b">ill., map ;</subfield><subfield code="c">29 cm.</subfield></datafield><datafield ind1=" " ind2=" " tag="502"><subfield code="a">Thesis (M.A.) -- University of Texas at Arlington, 1998.</subfield></datafield><datafield ind1=" " ind2=" " tag="504"><subfield code="a">Bibliography: p. 169-171.</subfield></datafield><datafield ind1=" " ind2="7" tag="650"><subfield code="a">Pagabete language</subfield><subfield code="x">Grammar</subfield><subfield code="2">Ethnologue.</subfield></datafield><datafield ind1=" " ind2=" " tag="035"><subfield code="a">(TxDaGIAL)37741100022616</subfield></datafield><controlfield tag="005">20080624162246.0</controlfield><controlfield tag="001">10661</controlfield><controlfield tag="003">TxDaGIAL</controlfield><datafield ind1=" " ind2=" " tag="852"><subfield code="p">37741100022616</subfield><subfield code="a">Library</subfield><subfield code="x">COPYID:12490</subfield><subfield code="x">FSC@aRegular@c19981021</subfield><subfield code="h">496.39 R327p 1998</subfield></datafield></record>