
<record><leader>00760nam a2200217 a 4500</leader><controlfield tag="008">981016s1998    xx ab    b    000 0 eng d</controlfield><datafield ind1=" " ind2=" " tag="040"><subfield code="a">TxDaGIAL</subfield><subfield code="c">TxDaGIAL</subfield></datafield><datafield ind1=" " ind2="4" tag="082"><subfield code="a">496/.3/6</subfield><subfield code="2">21</subfield></datafield><datafield ind1=" " ind2=" " tag="094"><subfield code="a">gby00</subfield><subfield code="2">ROPAL</subfield></datafield><datafield ind1="1" ind2=" " tag="100"><subfield code="a">Rosendall, Elias Patrick,</subfield><subfield code="d">1955-</subfield></datafield><datafield ind1="1" ind2="0" tag="245"><subfield code="a">Aspects of Gbari grammar /</subfield><subfield code="c">by Elias Patrick Rosendall.</subfield></datafield><datafield ind1=" " ind2=" " tag="260"><subfield code="c">1998.</subfield></datafield><datafield ind1=" " ind2=" " tag="300"><subfield code="a">ix, 165, [1] leaves :</subfield><subfield code="b">ill., map ;</subfield><subfield code="c">29 cm.</subfield></datafield><datafield ind1=" " ind2=" " tag="502"><subfield code="a">Thesis (M.A.) -- University of Texas at Arlington, 1998.</subfield></datafield><datafield ind1=" " ind2=" " tag="504"><subfield code="a">Includes bibliographical references (p. 161-164).</subfield></datafield><datafield ind1=" " ind2="0" tag="650"><subfield code="a">Gbari language</subfield><subfield code="x">Grammar.</subfield></datafield><datafield ind1=" " ind2=" " tag="035"><subfield code="a">(TxDaGIAL)37741100022617</subfield></datafield><controlfield tag="005">20080624162246.0</controlfield><controlfield tag="001">10662</controlfield><controlfield tag="003">TxDaGIAL</controlfield><datafield ind1=" " ind2=" " tag="852"><subfield code="p">37741100022617</subfield><subfield code="a">Library</subfield><subfield code="x">COPYID:12491</subfield><subfield code="x">FSC@aRegular@c19981021</subfield><subfield code="h">496.36 R813a 1998</subfield></datafield></record>