
<record><leader>00809nam a2200229 a 4500</leader><controlfield tag="008">981027s1972    ne a          00010 dut d</controlfield><datafield ind1=" " ind2=" " tag="020"><subfield code="a">9028000836</subfield></datafield><datafield ind1=" " ind2=" " tag="040"><subfield code="a">TxDaGIAL</subfield><subfield code="c">TxDaGIAL</subfield></datafield><datafield ind1="0" ind2=" " tag="041"><subfield code="a">engdut</subfield></datafield><datafield ind1="0" ind2="4" tag="082"><subfield code="a">439.31/82/42</subfield><subfield code="2">21</subfield></datafield><datafield ind1="1" ind2="0" tag="100"><subfield code="a">Lagerwey, Walter,</subfield><subfield code="d">1918-</subfield></datafield><datafield ind1="1" ind2="0" tag="245"><subfield code="a">Speak Dutch :</subfield><subfield code="b">an audio-lingual course /</subfield><subfield code="c">Walter Lagerwey.</subfield></datafield><datafield ind1=" " ind2=" " tag="250"><subfield code="a">4th ed.</subfield></datafield><datafield ind1="0" ind2=" " tag="260"><subfield code="a">Amsterdam :</subfield><subfield code="b">Meulenhoff Educatief,</subfield><subfield code="c">1972.</subfield></datafield><datafield ind1=" " ind2=" " tag="300"><subfield code="a">630 p. :</subfield><subfield code="b">ill. ;</subfield><subfield code="c">23 cm.</subfield></datafield><datafield ind1=" " ind2=" " tag="500"><subfield code="a">Augmented and revised edition of Modern Dutch.</subfield></datafield><datafield ind1=" " ind2="0" tag="650"><subfield code="a">Dutch language</subfield><subfield code="x">Composition and exercises.</subfield></datafield><datafield ind1=" " ind2=" " tag="035"><subfield code="a">(TxDaGIAL)37741100022643</subfield></datafield><controlfield tag="005">20080624162253.0</controlfield><controlfield tag="001">10691</controlfield><controlfield tag="003">TxDaGIAL</controlfield><datafield ind1=" " ind2=" " tag="852"><subfield code="p">37741100022643</subfield><subfield code="a">Library</subfield><subfield code="9">$0.00</subfield><subfield code="x">COPYID:12521</subfield><subfield code="x">FSC@aRegular@c19981027</subfield><subfield code="h">439.318242 L174s 1972</subfield><subfield code="z">Gift George and Mary Huttar 6-97</subfield></datafield></record>