
<record><leader>00690nam a2200205 a 4500</leader><controlfield tag="008">980223q19851998xx       b    000 0 eng d</controlfield><datafield ind1=" " ind2=" " tag="040"><subfield code="a">TxDaGIAL</subfield><subfield code="c">TxDaGIAL</subfield></datafield><datafield ind1="1" ind2=" " tag="100"><subfield code="a">Arendrup, Birthe.</subfield></datafield><datafield ind1="1" ind2="0" tag="245"><subfield code="a">Works investigated /</subfield><subfield code="c">Birthe Arendrup.</subfield></datafield><datafield ind1=" " ind2=" " tag="260"><subfield code="c">[between 1985 and 1998]</subfield></datafield><datafield ind1=" " ind2=" " tag="300"><subfield code="a">[5] leaves ;</subfield><subfield code="c">30 cm.</subfield></datafield><datafield ind1=" " ind2=" " tag="504"><subfield code="a">Includes bibliographical references.</subfield></datafield><datafield ind1=" " ind2=" " tag="500"><subfield code="a">Typescript.</subfield></datafield><datafield ind1=" " ind2=" " tag="500"><subfield code="a">Running header: "Birthe Arendrup.  University of Copenhagen."</subfield></datafield><datafield ind1=" " ind2="0" tag="650"><subfield code="a">Chinese language</subfield><subfield code="x">Word frequency.</subfield></datafield><datafield ind1=" " ind2=" " tag="035"><subfield code="a">(TxDaGIAL)37741400000810</subfield></datafield><controlfield tag="005">20080624162254.0</controlfield><controlfield tag="001">10702</controlfield><controlfield tag="003">TxDaGIAL</controlfield><datafield ind1=" " ind2=" " tag="852"><subfield code="p">37741400000810</subfield><subfield code="a">Library</subfield><subfield code="9">$0.00</subfield><subfield code="x">COPYID:12533</subfield><subfield code="x">FSC@aVertFile@c19980223</subfield><subfield code="h">FILE</subfield></datafield></record>