
<record><leader>01004nam a2200253 a 4500</leader><controlfield tag="008">980223s1965    er       b    000 0 eng d</controlfield><datafield ind1=" " ind2=" " tag="040"><subfield code="a">TxDaGIAL</subfield><subfield code="c">TxDaGIAL</subfield></datafield><datafield ind1="0" ind2=" " tag="041"><subfield code="a">eng</subfield><subfield code="b">rus</subfield></datafield><datafield ind1="1" ind2=" " tag="100"><subfield code="a">Ariste, Paul,</subfield><subfield code="d">1905-</subfield></datafield><datafield ind1="1" ind2="2" tag="245"><subfield code="a">A case of language contact in the East Baltic area /</subfield><subfield code="c">Paul Ariste.</subfield></datafield><datafield ind1=" " ind2=" " tag="260"><subfield code="a">Tallinn :</subfield><subfield code="b">Akademi&#65056;i&#65057;a nauk &#278;stonsko&#301; SSR = Academy of Sciences of the Estonian S.S.R.,</subfield><subfield code="c">1965.</subfield></datafield><datafield ind1=" " ind2=" " tag="300"><subfield code="a">p. 21-25 ;</subfield><subfield code="c">26 cm.</subfield></datafield><datafield ind1=" " ind2=" " tag="504"><subfield code="a">Includes bibliographical references.</subfield></datafield><datafield ind1=" " ind2=" " tag="500"><subfield code="a">Offprint: Sovetskoe finno-ugrovedenie = Soviet Fenno-Ugric studies 1(1):21-25, 1965.</subfield></datafield><datafield ind1=" " ind2=" " tag="546"><subfield code="a">In English; summary in Russian.</subfield></datafield><datafield ind1=" " ind2="0" tag="650"><subfield code="a">Estonian language</subfield><subfield code="x">Foreign elements.</subfield></datafield><datafield ind1=" " ind2="0" tag="650"><subfield code="a">Estonian language</subfield><subfield code="x">Etymology.</subfield></datafield><datafield ind1=" " ind2="0" tag="650"><subfield code="a">Estonian language</subfield><subfield code="x">History.</subfield></datafield><datafield ind1=" " ind2="0" tag="650"><subfield code="a">Languages in contact</subfield><subfield code="z">Estonia.</subfield></datafield><datafield ind1=" " ind2=" " tag="035"><subfield code="a">(TxDaGIAL)37741400000811</subfield></datafield><controlfield tag="005">20080624162254.0</controlfield><controlfield tag="001">10703</controlfield><controlfield tag="003">TxDaGIAL</controlfield><datafield ind1=" " ind2=" " tag="852"><subfield code="p">37741400000811</subfield><subfield code="a">Library</subfield><subfield code="9">$0.00</subfield><subfield code="x">COPYID:12534</subfield><subfield code="x">FSC@aVertFile@c19980223</subfield><subfield code="h">FILE</subfield></datafield></record>