
<record><leader>00932nam a2200229 a 4500</leader><controlfield tag="008">980223s1975    er       b    000 0 ger d</controlfield><datafield ind1=" " ind2=" " tag="040"><subfield code="a">TxDaGIAL</subfield><subfield code="c">TxDaGIAL</subfield></datafield><datafield ind1="0" ind2=" " tag="041"><subfield code="a">ger</subfield><subfield code="b">rus</subfield></datafield><datafield ind1="1" ind2=" " tag="100"><subfield code="a">Ariste, Paul,</subfield><subfield code="d">1905-</subfield></datafield><datafield ind1="0" ind2="4" tag="242"><subfield code="a">The Russian model for the functioning Votic postposition.</subfield></datafield><datafield ind1="1" ind2="4" tag="245"><subfield code="a">Das russische Modell f&#252;r die funktionen wotischer Postpositionen /</subfield><subfield code="c">Paul Ariste.</subfield></datafield><datafield ind1=" " ind2=" " tag="260"><subfield code="a">Tallinn :</subfield><subfield code="b">Akademi&#65056;i&#65057;a nauk &#278;stonsko&#301; SSR = Academy of Sciences of the Estonian S.S.R.,</subfield><subfield code="c">1975.</subfield></datafield><datafield ind1=" " ind2=" " tag="300"><subfield code="a">p. 4-20 ;</subfield><subfield code="c">27 cm.</subfield></datafield><datafield ind1=" " ind2=" " tag="504"><subfield code="a">Bibliography: p. 20.</subfield></datafield><datafield ind1=" " ind2=" " tag="500"><subfield code="a">Offprint: Sovetskoe finno-ugrovedenie = Soviet Fenno-Ugric studies 11(1):4-20, 1975.</subfield></datafield><datafield ind1=" " ind2=" " tag="546"><subfield code="a">In German; summary in Russian.</subfield></datafield><datafield ind1=" " ind2="0" tag="650"><subfield code="a">Votic language</subfield><subfield code="x">Postpositions.</subfield></datafield><datafield ind1=" " ind2=" " tag="035"><subfield code="a">(TxDaGIAL)37741400000812</subfield></datafield><controlfield tag="005">20080624162254.0</controlfield><controlfield tag="001">10704</controlfield><controlfield tag="003">TxDaGIAL</controlfield><datafield ind1=" " ind2=" " tag="852"><subfield code="p">37741400000812</subfield><subfield code="a">Library</subfield><subfield code="9">$0.00</subfield><subfield code="x">COPYID:12535</subfield><subfield code="x">FSC@aVertFile@c19980223</subfield><subfield code="h">FILE</subfield></datafield></record>