
<record><leader>00887nam a2200241 a 4500</leader><controlfield tag="008">980224s1973    li            000 0 ger d</controlfield><datafield ind1=" " ind2=" " tag="040"><subfield code="a">TxDaGIAL</subfield><subfield code="c">TxDaGIAL</subfield></datafield><datafield ind1="1" ind2=" " tag="100"><subfield code="a">Ariste, Paul,</subfield><subfield code="d">1905-</subfield></datafield><datafield ind1="1" ind2="0" tag="242"><subfield code="a">Latvian verb prefixes in a Gypsy dialect.</subfield></datafield><datafield ind1="1" ind2="0" tag="245"><subfield code="a">Lettische Verbalpr&#228;fixe in einer Zigeunermundart /</subfield><subfield code="c">P. Ariste.</subfield></datafield><datafield ind1=" " ind2=" " tag="260"><subfield code="a">[Vilnius, Lithuania :</subfield><subfield code="b">Mintis],</subfield><subfield code="c">1973.</subfield></datafield><datafield ind1=" " ind2=" " tag="300"><subfield code="a">p. 79-81 ;</subfield><subfield code="c">21 cm.</subfield></datafield><datafield ind1=" " ind2=" " tag="500"><subfield code="a">Offprint: Baltistica 9(1):79-81, 1973.</subfield></datafield><datafield ind1=" " ind2=" " tag="546"><subfield code="a">In German.</subfield></datafield><datafield ind1=" " ind2="0" tag="650"><subfield code="a">Romani language</subfield><subfield code="x">Dialects</subfield><subfield code="z">Latvia.</subfield></datafield><datafield ind1=" " ind2="0" tag="650"><subfield code="a">Romani language</subfield><subfield code="x">Suffixes and prefixes</subfield><subfield code="z">Latvia.</subfield></datafield><datafield ind1=" " ind2="0" tag="650"><subfield code="a">Romani language</subfield><subfield code="x">Verb</subfield><subfield code="z">Latvia.</subfield></datafield><datafield ind1=" " ind2="0" tag="650"><subfield code="a">Latvian language</subfield><subfield code="x">Influence on Romany</subfield><subfield code="z">Latvia.</subfield></datafield><datafield ind1=" " ind2=" " tag="035"><subfield code="a">(TxDaGIAL)37741400000816</subfield></datafield><controlfield tag="005">20080624162254.0</controlfield><controlfield tag="001">10706</controlfield><controlfield tag="003">TxDaGIAL</controlfield><datafield ind1=" " ind2=" " tag="852"><subfield code="p">37741400000816</subfield><subfield code="a">Library</subfield><subfield code="9">$0.00</subfield><subfield code="x">COPYID:12538</subfield><subfield code="x">FSC@aVertFile@c19980224</subfield><subfield code="h">FILE</subfield></datafield></record>