
<record><leader>01014nam a2200229 a 4500</leader><controlfield tag="008">980224s1973    er            000 0 rus d</controlfield><datafield ind1=" " ind2=" " tag="040"><subfield code="a">TxDaGIAL</subfield><subfield code="c">TxDaGIAL</subfield></datafield><datafield ind1="0" ind2=" " tag="041"><subfield code="a">rus</subfield><subfield code="b">ger</subfield></datafield><datafield ind1="1" ind2=" " tag="100"><subfield code="a">Ariste, Paul,</subfield><subfield code="d">1905-</subfield></datafield><datafield ind1="1" ind2="0" tag="242"><subfield code="a">Low German loan words in the Livonian language.</subfield></datafield><datafield ind1="1" ind2="0" tag="245"><subfield code="a">Nizhneneme&#65056;t&#65057;skie zaimstvovani&#65056;i&#65057;a v livskom &#65056;i&#65057;azyke /</subfield><subfield code="c">Paul&#697; Arist&#279;.</subfield></datafield><datafield ind1=" " ind2=" " tag="260"><subfield code="a">Tallinn :</subfield><subfield code="b">Akademi&#65056;i&#65057;a nauk &#278;stonsko&#301; SSR = Academy of Sciences of the Estonian S.S.R.,</subfield><subfield code="c">1973.</subfield></datafield><datafield ind1=" " ind2=" " tag="300"><subfield code="a">p. 175-178 ;</subfield><subfield code="c">26 cm.</subfield></datafield><datafield ind1=" " ind2=" " tag="500"><subfield code="a">Offprint: Sovetskoe finno-ugrovedenie = Soviet Fenno-Ugric studies 9(3):175-178, 1973.</subfield></datafield><datafield ind1=" " ind2=" " tag="546"><subfield code="a">In Russian; summary in German.</subfield></datafield><datafield ind1=" " ind2="0" tag="650"><subfield code="a">Livonian language</subfield><subfield code="x">Foreign elements</subfield><subfield code="z">Latvia.</subfield></datafield><datafield ind1=" " ind2="0" tag="650"><subfield code="a">Low German language</subfield><subfield code="x">Influence on Livonian</subfield><subfield code="z">Latvia.</subfield></datafield><datafield ind1=" " ind2=" " tag="035"><subfield code="a">(TxDaGIAL)37741400000817</subfield></datafield><controlfield tag="005">20080624162255.0</controlfield><controlfield tag="001">10707</controlfield><controlfield tag="003">TxDaGIAL</controlfield><datafield ind1=" " ind2=" " tag="852"><subfield code="p">37741400000817</subfield><subfield code="a">Library</subfield><subfield code="b">Kenneth L. Pike Coll</subfield><subfield code="9">$0.00</subfield><subfield code="x">COPYID:12539</subfield><subfield code="x">FSC@aVertFile@c19980224</subfield><subfield code="h">FILE</subfield><subfield code="z">Gift, K.L. Pike</subfield></datafield></record>