
<record><leader>00964nam a2200217 a 4500</leader><controlfield tag="008">980224s1973    er            000 0 rus d</controlfield><datafield ind1=" " ind2=" " tag="040"><subfield code="a">TxDaGIAL</subfield><subfield code="c">TxDaGIAL</subfield></datafield><datafield ind1="1" ind2=" " tag="100"><subfield code="a">Ariste, Paul,</subfield><subfield code="d">1905-</subfield></datafield><datafield ind1="1" ind2="0" tag="245"><subfield code="a">[Review article] /</subfield><subfield code="c">Paul&#697; Arist&#279;.</subfield></datafield><datafield ind1=" " ind2=" " tag="260"><subfield code="a">Tallinn :</subfield><subfield code="b">Akademi&#65056;i&#65057;a nauk &#278;stonsko&#301; SSR = Academy of Sciences of the Estonian S.S.R.,</subfield><subfield code="c">1973.</subfield></datafield><datafield ind1=" " ind2=" " tag="300"><subfield code="a">p. 221-224 ;</subfield><subfield code="c">26 cm.</subfield></datafield><datafield ind1=" " ind2=" " tag="500"><subfield code="a">On Z. M. Dubrovina, Infinitivy v finskom &#65056;i&#65057;azyke. Leningrad: [s.n.], 1972.</subfield></datafield><datafield ind1=" " ind2=" " tag="500"><subfield code="a">Offprint: Sovetskoe finno-ugrovedenie = Soviet Fenno-Ugric studies IX(3):221-224, 1973.</subfield></datafield><datafield ind1=" " ind2=" " tag="546"><subfield code="a">In Russian.</subfield></datafield><datafield ind1=" " ind2="0" tag="650"><subfield code="a">Finnish language</subfield><subfield code="x">Infinitive.</subfield></datafield><datafield ind1="1" ind2="0" tag="700"><subfield code="a">Dubrovina, Z. M.</subfield><subfield code="q">(Zinaida Mikha&#301;lovna)</subfield><subfield code="t">Infinitivy v finskom &#65056;i&#65057;azyke.</subfield></datafield><datafield ind1=" " ind2=" " tag="035"><subfield code="a">(TxDaGIAL)37741400000818</subfield></datafield><controlfield tag="005">20080624162255.0</controlfield><controlfield tag="001">10708</controlfield><controlfield tag="003">TxDaGIAL</controlfield><datafield ind1=" " ind2=" " tag="852"><subfield code="p">37741400000818</subfield><subfield code="a">Library</subfield><subfield code="b">Kenneth L. Pike Coll</subfield><subfield code="9">$0.00</subfield><subfield code="x">COPYID:12540</subfield><subfield code="x">FSC@aVertFile@c19980224</subfield><subfield code="h">FILE</subfield><subfield code="z">Gift, K.L. Pike</subfield></datafield></record>