
<record><leader>00718nam a2200205 a 4500</leader><controlfield tag="008">980224s1961    er            000 0 est d</controlfield><datafield ind1=" " ind2=" " tag="040"><subfield code="a">TxDaGIAL</subfield><subfield code="c">TxDaGIAL</subfield></datafield><datafield ind1="1" ind2=" " tag="100"><subfield code="a">Ariste, Paul,</subfield><subfield code="d">1905-</subfield></datafield><datafield ind1="1" ind2="0" tag="245"><subfield code="a">Soome-ugri keeleteaduse &#252;lesanded Eesti NSV-s /</subfield><subfield code="c">P. Ariste.</subfield></datafield><datafield ind1=" " ind2=" " tag="260"><subfield code="a">[Tallinn :</subfield><subfield code="b">Eesti NSV Ajalehtede-Ajakirjade Kirjastus],</subfield><subfield code="c">1961.</subfield></datafield><datafield ind1=" " ind2=" " tag="300"><subfield code="a">p. 129-132 ;</subfield><subfield code="c">26 cm.</subfield></datafield><datafield ind1=" " ind2=" " tag="500"><subfield code="a">Offprint: Keel ja kirjandus 3:129-132, 1961.</subfield></datafield><datafield ind1=" " ind2=" " tag="546"><subfield code="a">In Estonian.</subfield></datafield><datafield ind1=" " ind2="0" tag="650"><subfield code="a">Finno-Ugric languages</subfield><subfield code="z">Estonia.</subfield></datafield><datafield ind1=" " ind2="0" tag="650"><subfield code="a">Estonian language.</subfield></datafield><datafield ind1=" " ind2=" " tag="035"><subfield code="a">(TxDaGIAL)37741400000820</subfield></datafield><controlfield tag="005">20080624162255.0</controlfield><controlfield tag="001">10709</controlfield><controlfield tag="003">TxDaGIAL</controlfield><datafield ind1=" " ind2=" " tag="852"><subfield code="p">37741400000820</subfield><subfield code="a">Library</subfield><subfield code="9">$0.00</subfield><subfield code="x">COPYID:12541</subfield><subfield code="x">FSC@aVertFile@c19980224</subfield><subfield code="h">FILE</subfield></datafield></record>