
<record><leader>00749nam a2200205 a 4500</leader><controlfield tag="008">980225s1956    enk      b    000 0 eng d</controlfield><datafield ind1=" " ind2=" " tag="040"><subfield code="a">TxDaGIAL</subfield><subfield code="c">TxDaGIAL</subfield></datafield><datafield ind1="1" ind2=" " tag="100"><subfield code="a">Arnott, D. W.</subfield></datafield><datafield ind1="1" ind2="4" tag="245"><subfield code="a">The middle voice in Fula /</subfield><subfield code="c">by D.W. Arnott.</subfield></datafield><datafield ind1=" " ind2=" " tag="260"><subfield code="a">[London :</subfield><subfield code="b">School of Oriental and African Studies],</subfield><subfield code="c">1956.</subfield></datafield><datafield ind1=" " ind2=" " tag="300"><subfield code="a">p. [130]-144 ;</subfield><subfield code="c">25 cm.</subfield></datafield><datafield ind1=" " ind2=" " tag="504"><subfield code="a">Includes bibliographical references.</subfield></datafield><datafield ind1=" " ind2=" " tag="500"><subfield code="a">Offprint: Bulletin of the School of Oriental and African Studies 18(1):130-144, 1956.</subfield></datafield><datafield ind1=" " ind2="0" tag="650"><subfield code="a">Fula language</subfield><subfield code="x">Voice.</subfield></datafield><datafield ind1=" " ind2="0" tag="650"><subfield code="a">Fula language</subfield><subfield code="x">Verb.</subfield></datafield><datafield ind1=" " ind2=" " tag="035"><subfield code="a">(TxDaGIAL)37741400000827</subfield></datafield><controlfield tag="005">20080624162255.0</controlfield><controlfield tag="001">10715</controlfield><controlfield tag="003">TxDaGIAL</controlfield><datafield ind1=" " ind2=" " tag="852"><subfield code="p">37741400000827</subfield><subfield code="a">Library</subfield><subfield code="9">$0.00</subfield><subfield code="x">COPYID:12547</subfield><subfield code="x">FSC@aVertFile@c19980225</subfield><subfield code="h">FILE</subfield></datafield></record>