
<record><leader>00851nam a2200205 a 4500</leader><controlfield tag="008">980423s1946    mdu           000 0 eng d</controlfield><datafield ind1=" " ind2=" " tag="040"><subfield code="a">TxDaGIAL</subfield><subfield code="c">TxDaGIAL</subfield></datafield><datafield ind1="1" ind2=" " tag="100"><subfield code="a">Aschmann, Herman P.</subfield></datafield><datafield ind1="1" ind2="0" tag="245"><subfield code="a">Totonaco phonemes /</subfield><subfield code="c">Herman P. Aschmann.</subfield></datafield><datafield ind1=" " ind2=" " tag="260"><subfield code="a">[Baltimore :</subfield><subfield code="b">Published at Waverly Press by Indiana University],</subfield><subfield code="c">1946.</subfield></datafield><datafield ind1=" " ind2=" " tag="300"><subfield code="a">p. 34-43 ;</subfield><subfield code="c">26 cm.</subfield></datafield><datafield ind1=" " ind2=" " tag="500"><subfield code="a">Offprint: International journal of American linguistics 12(1):34-43, 1946.</subfield></datafield><datafield ind1=" " ind2="0" tag="650"><subfield code="a">Totonac language</subfield><subfield code="x">Phonology.</subfield></datafield><datafield ind1=" " ind2=" " tag="035"><subfield code="a">(TxDaGIAL)37741400000834</subfield></datafield><controlfield tag="005">20080624162256.0</controlfield><controlfield tag="001">10720</controlfield><controlfield tag="003">TxDaGIAL</controlfield><datafield ind1=" " ind2=" " tag="852"><subfield code="p">37741400000834</subfield><subfield code="a">Library</subfield><subfield code="9">$0.00</subfield><subfield code="x">COPYID:12552</subfield><subfield code="x">FSC@aVertFile@c19980424</subfield><subfield code="h">FILE</subfield></datafield><datafield ind1=" " ind2=" " tag="852"><subfield code="p">37741400000835</subfield><subfield code="a">Library</subfield><subfield code="9">$0.00</subfield><subfield code="x">COPYID:12553</subfield><subfield code="x">FSC@aVertFile@c19980424</subfield><subfield code="h">FILE</subfield></datafield><datafield ind1=" " ind2=" " tag="852"><subfield code="p">37741400000836</subfield><subfield code="a">Library</subfield><subfield code="9">$0.00</subfield><subfield code="x">COPYID:12554</subfield><subfield code="x">FSC@aVertFile@c19980424</subfield><subfield code="h">FILE</subfield></datafield></record>