
<record><leader>02295cam a2200385 a 4500</leader><controlfield tag="008">800125s1944    dcu      bd  f00010 eng  </controlfield><datafield ind1=" " ind2=" " tag="010"><subfield code="a">   46025449 //r862</subfield></datafield><datafield ind1=" " ind2=" " tag="040"><subfield code="a">DLC</subfield><subfield code="c">DLC</subfield><subfield code="d">TxDaGIAL</subfield></datafield><datafield ind1="1" ind2=" " tag="041"><subfield code="a">engale</subfield></datafield><datafield ind1="0" ind2=" " tag="050"><subfield code="a">PM31</subfield><subfield code="b">.G4</subfield></datafield><datafield ind1=" " ind2=" " tag="082"><subfield code="a">497/.1</subfield></datafield><datafield ind1="1" ind2="0" tag="100"><subfield code="a">Geoghegan, Richard Henry,</subfield><subfield code="d">1866-1943.</subfield></datafield><datafield ind1="1" ind2="4" tag="245"><subfield code="a">The Aleut language :</subfield><subfield code="b">the elements of Aleut grammar with a dictionary in two parts containing basic vocabularies of Aleut and English /</subfield><subfield code="c">by Richard Henry Geoghegan; edited by Fredericka I. Martin.</subfield></datafield><datafield ind1="0" ind2=" " tag="260"><subfield code="a">Washington :</subfield><subfield code="b">Dept. of the Interior,</subfield><subfield code="c">1944.</subfield></datafield><datafield ind1=" " ind2=" " tag="300"><subfield code="a">iii, 169 p. ;</subfield><subfield code="c">24 cm.</subfield></datafield><datafield ind1=" " ind2=" " tag="504"><subfield code="a">Includes bibliographical references.</subfield></datafield><datafield ind1="0" ind2=" " tag="505"><subfield code="a">pt. I. The elements of Aleut grammar -- pt. II. Aleut-English dictionary -- pt. III. English-Aleut dictionary.</subfield></datafield><datafield ind1=" " ind2=" " tag="500"><subfield code="a">&quot;The elements of Aleut grammar, based on the Russian text, 'Opyt grammatiki aleutsko-lis&#697;evsk&#225;go yazika', by Ivan Veniaminov; translated by Richard Henry Geoghegan&quot; -- p. 13.</subfield></datafield><datafield ind1=" " ind2=" " tag="500"><subfield code="a">&quot;Aleut-English dictionary, compiled by Richard Henry Geoghegan. A vocabulary of the Aleutian or Unangan language as spoken on the eastern Aleutian Islands and on the Alaska Peninsula, being a translation of the Russian, 'Slovar&#697; aleutsko-lis&#697;evskago yazyka' or 'Dictionary of the Aleut-Fox language', by Ivan Veniaminov, 1834, with additions and annotations by the compiler&quot; -- p. 89.</subfield></datafield><datafield ind1=" " ind2=" " tag="500"><subfield code="a">"English-Aleut dictionary, complied by Richard Henry Geoghegan" -- p. 125.</subfield></datafield><datafield ind1=" " ind2=" " tag="546"><subfield code="a">English and Aleut.</subfield></datafield><datafield ind1=" " ind2="0" tag="650"><subfield code="a">Aleut language</subfield><subfield code="x">Grammar.</subfield></datafield><datafield ind1=" " ind2="0" tag="650"><subfield code="a">Aleut language</subfield><subfield code="v">Dictionaries</subfield><subfield code="x">English.</subfield></datafield><datafield ind1=" " ind2="0" tag="650"><subfield code="a">English language</subfield><subfield code="v">Dictionaries</subfield><subfield code="x">Aleut.</subfield></datafield><datafield ind1="1" ind2="1" tag="700"><subfield code="a">Martin, Fredericka I.,</subfield><subfield code="e">ed.</subfield></datafield><datafield ind1="0" ind2="1" tag="700"><subfield code="a">Innokenti&#301;,</subfield><subfield code="c">Saint, Metropolitan of Moscow and Kolomna,</subfield><subfield code="d">1797-1879.</subfield><subfield code="t">Opyt grammatiki aleutsko-lis&#697;evskago &#65056;i&#65057;azyka.</subfield></datafield><datafield ind1="0" ind2="1" tag="700"><subfield code="a">Innokenti&#301;,</subfield><subfield code="c">Saint, Metropolitan of Moscow and Kolomna,</subfield><subfield code="d">1797-1879.</subfield><subfield code="t">Slovar&#697; aleutsko-lis&#697;evskago &#65056;i&#65057;azyka.</subfield></datafield><datafield ind1="4" ind2="2" tag="740"><subfield code="a">The elements of Aleut grammar.</subfield></datafield><datafield ind1="0" ind2="2" tag="740"><subfield code="a">Aleut-English dictionary.</subfield></datafield><datafield ind1="0" ind2="2" tag="740"><subfield code="a">English-Aleut dictionary.</subfield></datafield><datafield ind1=" " ind2=" " tag="035"><subfield code="a">(TxDaGIAL)37741100012603</subfield></datafield><controlfield tag="005">20080624162256.0</controlfield><controlfield tag="001">10722</controlfield><controlfield tag="003">TxDaGIAL</controlfield><datafield ind1=" " ind2=" " tag="852"><subfield code="p">37741100012603</subfield><subfield code="a">Library</subfield><subfield code="x">COPYID:12556</subfield><subfield code="x">FSC@aRegular@c19960722</subfield><subfield code="h">497.11 G345a 1944</subfield><subfield code="z">1033</subfield></datafield></record>