
<record><leader>01273nam a2200253 a 4500</leader><controlfield tag="008">980224s1968    er            000 0 rus d</controlfield><datafield ind1=" " ind2=" " tag="040"><subfield code="a">TxDaGIAL</subfield><subfield code="c">TxDaGIAL</subfield></datafield><datafield ind1="0" ind2=" " tag="041"><subfield code="a">rus</subfield></datafield><datafield ind1="1" ind2=" " tag="100"><subfield code="a">Ariste, Paul,</subfield><subfield code="d">1905-</subfield></datafield><datafield ind1="1" ind2="0" tag="245"><subfield code="a">[Review article] /</subfield><subfield code="c">Paul&#697; Arist&#279;.</subfield></datafield><datafield ind1=" " ind2=" " tag="260"><subfield code="a">Tallinn :</subfield><subfield code="b">Akademi&#65056;i&#65057;a nauk &#278;stonsko&#301; SSR = Academy of Sciences of the Estonian S.S.R.,</subfield><subfield code="c">1968.</subfield></datafield><datafield ind1=" " ind2=" " tag="300"><subfield code="a">p. 229-232 ;</subfield><subfield code="c">26 cm.</subfield></datafield><datafield ind1=" " ind2=" " tag="500"><subfield code="a">On N.I. Tereshkin, Vakhovski&#301; dialekt kanty&#301;skogo &#65056;i&#65057;azyka (Fonetika i morfologi&#65056;i&#65057;a). Disserta&#65056;t&#65057;si&#65056;i&#65057;a na soiskanie ucheno&#301; stepeni kandidata filologicheskikh nauk. Leningrad, 1968.</subfield></datafield><datafield ind1=" " ind2=" " tag="500"><subfield code="a">Offprint: Sovetskoe finno-ugrovedenie = Soviet Fenno-Ugric studies IV(3):229-232, 1968.</subfield></datafield><datafield ind1=" " ind2=" " tag="546"><subfield code="a">In Russian.</subfield></datafield><datafield ind1=" " ind2="0" tag="650"><subfield code="a">Khanty language</subfield><subfield code="x">Dialects</subfield><subfield code="z">Asiatic Russia</subfield><subfield code="z">Vakh Valley.</subfield></datafield><datafield ind1=" " ind2="0" tag="650"><subfield code="a">Khanty language</subfield><subfield code="x">Dialects</subfield><subfield code="x">Phonetics.</subfield></datafield><datafield ind1=" " ind2="0" tag="650"><subfield code="a">Khanty language</subfield><subfield code="x">Dialects</subfield><subfield code="x">Morphology.</subfield></datafield><datafield ind1="1" ind2="0" tag="700"><subfield code="a">Tereshkin, Nikola&#301; Ivanovich</subfield><subfield code="t">Vakhovski&#301; dialekt kanty&#301;skogo &#65056;i&#65057;azyka (Fonetika i morfologi&#65056;i&#65057;a)</subfield></datafield><datafield ind1=" " ind2=" " tag="035"><subfield code="a">(TxDaGIAL)37741400000819</subfield></datafield><controlfield tag="005">20080624162256.0</controlfield><controlfield tag="001">10723</controlfield><controlfield tag="003">TxDaGIAL</controlfield><datafield ind1=" " ind2=" " tag="852"><subfield code="p">37741400000819</subfield><subfield code="a">Library</subfield><subfield code="b">Kenneth L. Pike Coll</subfield><subfield code="9">$0.00</subfield><subfield code="x">COPYID:12557</subfield><subfield code="x">FSC@aVertFile@c19980224</subfield><subfield code="h">FILE</subfield><subfield code="z">Gift, K.L. Pike</subfield></datafield></record>