
<record><leader>00952nam a2200265 a 4500</leader><controlfield tag="008">980925s1984    cc       d    000 0 chi d</controlfield><datafield ind1=" " ind2=" " tag="020"><subfield code="c">RMBY2.40</subfield></datafield><datafield ind1=" " ind2=" " tag="040"><subfield code="a">TxDaGIAL</subfield><subfield code="c">TxDaGIAL</subfield></datafield><datafield ind1="1" ind2=" " tag="041"><subfield code="a">chisit</subfield></datafield><datafield ind1="0" ind2="4" tag="082"><subfield code="a">495/.4/3</subfield><subfield code="2">21</subfield></datafield><datafield ind1="1" ind2="2" tag="242"><subfield code="a">A concise Yi-Chinese dictionary.</subfield></datafield><datafield ind1="0" ind2="0" tag="245"><subfield code="a">Yi-Han jianming cidian /</subfield><subfield code="c">Yunnansheng lunan yizu zizhixian wenshi yanjiushi.</subfield></datafield><datafield ind1="1" ind2=" " tag="246"><subfield code="i">Wade-Giles title:</subfield><subfield code="a">I Han chien ming tz&#703;u tien</subfield></datafield><datafield ind1=" " ind2=" " tag="250"><subfield code="a">Ti 1 pan.</subfield></datafield><datafield ind1=" " ind2=" " tag="260"><subfield code="a">Yunnan :</subfield><subfield code="b">Yunnan minzu chubanshe,</subfield><subfield code="c">1984.</subfield></datafield><datafield ind1=" " ind2=" " tag="300"><subfield code="a">4, 452 p. ;</subfield><subfield code="c">19 cm.</subfield></datafield><datafield ind1=" " ind2=" " tag="500"><subfield code="a">Parallel title in Yi language.</subfield></datafield><datafield ind1=" " ind2=" " tag="546"><subfield code="a">In Yi and Chinese.</subfield></datafield><datafield ind1=" " ind2="0" tag="650"><subfield code="a">Yi language</subfield><subfield code="v">Dictionaries</subfield><subfield code="x">Chinese.</subfield></datafield><datafield ind1="2" ind2=" " tag="710"><subfield code="a">Yunnan Sheng Lunan Yizu Zizhixian wen shi yan jiu shi.</subfield></datafield><datafield ind1=" " ind2=" " tag="035"><subfield code="a">(TxDaGIAL)37741100022820</subfield></datafield><controlfield tag="005">20080624162307.0</controlfield><controlfield tag="001">10762</controlfield><controlfield tag="003">TxDaGIAL</controlfield><datafield ind1=" " ind2=" " tag="852"><subfield code="p">37741100022820</subfield><subfield code="a">Library</subfield><subfield code="9">$0.00</subfield><subfield code="x">COPYID:12603</subfield><subfield code="x">FSC@aRegular@c19990112</subfield><subfield code="h">495.43 Y51y 1984</subfield><subfield code="z">Gift L. Diehl 5-90</subfield></datafield></record>