
<record><leader>00841nam a2200241 a 4500</leader><controlfield tag="008">990128s1998    xx a     b    000 0 eng d</controlfield><datafield ind1=" " ind2=" " tag="040"><subfield code="a">TxDaGIAL</subfield><subfield code="c">TxDaGIAL</subfield></datafield><datafield ind1="0" ind2=" " tag="041"><subfield code="a">engtib</subfield></datafield><datafield ind1=" " ind2="4" tag="082"><subfield code="a">495.4/5</subfield><subfield code="2">21</subfield></datafield><datafield ind1=" " ind2=" " tag="094"><subfield code="a">tic00</subfield><subfield code="2">21</subfield></datafield><datafield ind1="1" ind2=" " tag="100"><subfield code="a">Kopp, Teresa Kunkel.</subfield></datafield><datafield ind1="1" ind2="0" tag="245"><subfield code="a">Verbalizers in Lhasa Tibetan /</subfield><subfield code="c">by Teresa Kunkel Kopp.</subfield></datafield><datafield ind1=" " ind2=" " tag="260"><subfield code="c">1998.</subfield></datafield><datafield ind1=" " ind2=" " tag="300"><subfield code="a">xi, 72 leaves :</subfield><subfield code="b">ill. ;</subfield><subfield code="c">28 cm.</subfield></datafield><datafield ind1=" " ind2=" " tag="502"><subfield code="a">Thesis (M.A.) -- University of Texas at Arlington, 1998.</subfield></datafield><datafield ind1=" " ind2=" " tag="504"><subfield code="a">Includes bibliographical references (leaves 68-71).</subfield></datafield><datafield ind1=" " ind2=" " tag="546"><subfield code="a">English with Tibetan examples.</subfield></datafield><datafield ind1=" " ind2="0" tag="650"><subfield code="a">Tibetan language</subfield><subfield code="x">Grammar.</subfield></datafield><datafield ind1=" " ind2=" " tag="035"><subfield code="a">(TxDaGIAL)37741100022864</subfield></datafield><controlfield tag="005">20080624162308.0</controlfield><controlfield tag="001">10764</controlfield><controlfield tag="003">TxDaGIAL</controlfield><datafield ind1=" " ind2=" " tag="852"><subfield code="p">37741100022864</subfield><subfield code="a">Library</subfield><subfield code="9">$0.00</subfield><subfield code="x">FUND:GIFT</subfield><subfield code="x">COPYID:12606</subfield><subfield code="x">FSC@aRegular@c19980128</subfield><subfield code="h">495.45 K83v 1998</subfield><subfield code="z">gift from author</subfield></datafield></record>