
<record><leader>01010nam a2200289 a 4500</leader><controlfield tag="008">981130s1989    cc ad         000 0 eng d</controlfield><datafield ind1=" " ind2=" " tag="020"><subfield code="a">7560102808 :</subfield><subfield code="c">RMBY1.30</subfield></datafield><datafield ind1=" " ind2=" " tag="040"><subfield code="a">TxDaGIAL</subfield><subfield code="c">TxDaGIAL</subfield></datafield><datafield ind1="1" ind2=" " tag="041"><subfield code="a">engchi</subfield></datafield><datafield ind1="0" ind2="4" tag="082"><subfield code="a">494.1</subfield><subfield code="2">21</subfield></datafield><datafield ind1=" " ind2=" " tag="094"><subfield code="a">orh00</subfield><subfield code="2">ROPAL</subfield></datafield><datafield ind1="1" ind2="0" tag="100"><subfield code="a">Zhang, Yanchang.</subfield></datafield><datafield ind1="1" ind2="4" tag="245"><subfield code="a">The Oroqen language =</subfield><subfield code="b">O-lun-chun y&#252; /</subfield><subfield code="c">Chang Yan Chang, Li Bing, Zhang Xi.</subfield></datafield><datafield ind1="3" ind2="1" tag="246"><subfield code="a">O-lun-chun y&#252;</subfield></datafield><datafield ind1="1" ind2=" " tag="246"><subfield code="i">Pinyin title:</subfield><subfield code="a">Elunjunyu</subfield></datafield><datafield ind1=" " ind2=" " tag="250"><subfield code="a">Ti 1 pan.</subfield></datafield><datafield ind1=" " ind2=" " tag="260"><subfield code="a">[Chang-chun shih] :</subfield><subfield code="b">Jilin University Press = Chi-lin ta hs&#252;eh ch&#703;u pan she,</subfield><subfield code="c">1989.</subfield></datafield><datafield ind1=" " ind2=" " tag="300"><subfield code="a">2, 184 p. :</subfield><subfield code="b">ill., 1 fold. chart ;</subfield><subfield code="c">19 cm.</subfield></datafield><datafield ind1=" " ind2=" " tag="546"><subfield code="a">English and Chinese.</subfield></datafield><datafield ind1=" " ind2="0" tag="650"><subfield code="a">Oroch language.</subfield></datafield><datafield ind1="1" ind2="0" tag="700"><subfield code="a">Li, Bing.</subfield></datafield><datafield ind1="1" ind2="0" tag="700"><subfield code="a">Zhang, Xi.</subfield></datafield><datafield ind1=" " ind2=" " tag="035"><subfield code="a">(TxDaGIAL)37741100022889</subfield></datafield><controlfield tag="005">20080624162322.0</controlfield><controlfield tag="001">10819</controlfield><controlfield tag="003">TxDaGIAL</controlfield><datafield ind1=" " ind2=" " tag="852"><subfield code="p">37741100022889</subfield><subfield code="a">Library</subfield><subfield code="b">Kenneth L. Pike Coll</subfield><subfield code="9">$0.00</subfield><subfield code="x">FUND:GIFT</subfield><subfield code="x">COPYID:12668</subfield><subfield code="x">FSC@aRegular@c19990217</subfield><subfield code="h">494.1 C456e 1989</subfield><subfield code="z">Gift Kenneth L. Pike 2-91</subfield></datafield></record>