
<record><leader>01247cam a2200349 a 4500</leader><controlfield tag="008">960104s1985    cc a          00010 chi  </controlfield><datafield ind1=" " ind2=" " tag="010"><subfield code="a">   87103480 /ACN</subfield></datafield><datafield ind1=" " ind2=" " tag="020"><subfield code="c">RMBY0.88</subfield></datafield><datafield ind1=" " ind2=" " tag="035"><subfield code="a">(CU-UC)10328065</subfield></datafield><datafield ind1=" " ind2=" " tag="040"><subfield code="a">DLC</subfield><subfield code="c">DLC</subfield><subfield code="d">CU-SB</subfield><subfield code="d">TxDaGIAL</subfield></datafield><datafield ind1="0" ind2=" " tag="041"><subfield code="a">chikac</subfield></datafield><datafield ind1="0" ind2="4" tag="082"><subfield code="a">495/.4</subfield><subfield code="2">21</subfield></datafield><datafield ind1=" " ind2=" " tag="094"><subfield code="a">acn00</subfield><subfield code="2">ROPAL</subfield></datafield><datafield ind1="0" ind2="2" tag="242"><subfield code="a">A concise summary of the Achang language.</subfield></datafield><datafield ind1="0" ind2="0" tag="245"><subfield code="a">A-ch&#703;ang y&#252; chien chih /</subfield><subfield code="c">Tai Ch&#703;ing-hsia, Ts&#703;ui Chih-ch&#703;ao pien chu.</subfield></datafield><datafield ind1="1" ind2=" " tag="246"><subfield code="i">Pinyin title:</subfield><subfield code="a">Achangyu jianzhi</subfield></datafield><datafield ind1=" " ind2=" " tag="250"><subfield code="a">Ti 1 pan.</subfield></datafield><datafield ind1=" " ind2=" " tag="260"><subfield code="a">[Pei-ching] :</subfield><subfield code="b">Min tsu ch&#703;u pan she :</subfield><subfield code="b">Hsin hua shu tien fa hsing,</subfield><subfield code="c">1985.</subfield></datafield><datafield ind1=" " ind2=" " tag="300"><subfield code="a">2, 135 p. :</subfield><subfield code="b">ill. ;</subfield><subfield code="c">21 cm.</subfield></datafield><datafield ind1="1" ind2=" " tag="490"><subfield code="a">Chung-kuo shao shu min tsu y&#252; yen chien chih ts&#703;ung shu</subfield></datafield><datafield ind1=" " ind2=" " tag="500"><subfield code="a">Chinese and Achang.</subfield></datafield><datafield ind1=" " ind2=" " tag="500"><subfield code="a">&quot;Kuo chia min wei min tsu wen t&#703;i wu chung ts&#703;ung shu chih i.&quot;</subfield></datafield><datafield ind1=" " ind2=" " tag="546"><subfield code="a">Chinese.</subfield></datafield><datafield ind1=" " ind2="0" tag="650"><subfield code="a">Achang language.</subfield></datafield><datafield ind1="1" ind2=" " tag="700"><subfield code="a">Dai, Qingxia.</subfield></datafield><datafield ind1="1" ind2="0" tag="700"><subfield code="a">Cui, Zhichao.</subfield></datafield><datafield ind1=" " ind2="0" tag="830"><subfield code="a">Zhongguo shao shu min zu yu yan jian zhi cong shu.</subfield></datafield><datafield ind1=" " ind2=" " tag="035"><subfield code="a">(TxDaGIAL)37741100022912</subfield></datafield><controlfield tag="005">20080624162322.0</controlfield><controlfield tag="001">10820</controlfield><controlfield tag="003">TxDaGIAL</controlfield><datafield ind1=" " ind2=" " tag="852"><subfield code="p">37741100022912</subfield><subfield code="a">Library</subfield><subfield code="9">$0.00</subfield><subfield code="x">FUND:GIFT</subfield><subfield code="x">COPYID:12669</subfield><subfield code="x">FSC@aRegular@c19990217</subfield><subfield code="h">495.4 A175t 1985</subfield></datafield></record>