
<record><leader>01020cam a2200265 a 4500</leader><controlfield tag="008">951005s1996    hiu      bd   001 0 chi  </controlfield><datafield ind1=" " ind2=" " tag="010"><subfield code="a">   95043629</subfield></datafield><datafield ind1=" " ind2=" " tag="020"><subfield code="a">0824817443 (alk. paper)</subfield></datafield><datafield ind1=" " ind2=" " tag="035"><subfield code="a">(CU-UC)10707903</subfield></datafield><datafield ind1=" " ind2=" " tag="040"><subfield code="a">DLC</subfield><subfield code="c">DLC</subfield><subfield code="d">DLC</subfield><subfield code="d">TxDaGIAL</subfield></datafield><datafield ind1="0" ind2=" " tag="041"><subfield code="a">chi</subfield><subfield code="h">eng</subfield></datafield><datafield ind1="0" ind2="0" tag="050"><subfield code="a">PL1455</subfield><subfield code="b">.A24 1996</subfield></datafield><datafield ind1="0" ind2="0" tag="082"><subfield code="a">495.1/321</subfield><subfield code="2">20</subfield></datafield><datafield ind1="0" ind2="0" tag="245"><subfield code="a">ABC Chinese-English dictionary :</subfield><subfield code="b">alphabetically based computerized /</subfield><subfield code="c">editor, John DeFrancis ; associate editors, Bai Yuqing ... [et al.].</subfield></datafield><datafield ind1=" " ind2=" " tag="260"><subfield code="a">Honolulu :</subfield><subfield code="b">University of Hawai'i Press,</subfield><subfield code="c">c1996.</subfield></datafield><datafield ind1=" " ind2=" " tag="300"><subfield code="a">xix, 897 p. ;</subfield><subfield code="c">23 cm.</subfield></datafield><datafield ind1=" " ind2=" " tag="504"><subfield code="a">Includes bibliographical references (p. xvii-xviii) and indexes.</subfield></datafield><datafield ind1=" " ind2=" " tag="546"><subfield code="a">Chinese and English.</subfield></datafield><datafield ind1=" " ind2="0" tag="650"><subfield code="a">Chinese language</subfield><subfield code="v">Dictionaries</subfield><subfield code="x">English.</subfield></datafield><datafield ind1="1" ind2=" " tag="700"><subfield code="a">DeFrancis, John,</subfield><subfield code="d">1911-</subfield></datafield><datafield ind1=" " ind2=" " tag="035"><subfield code="a">(TxDaGIAL)37741100022929</subfield></datafield><controlfield tag="005">20080624162323.0</controlfield><controlfield tag="001">10823</controlfield><controlfield tag="003">TxDaGIAL</controlfield><datafield ind1=" " ind2=" " tag="852"><subfield code="p">37741100022929</subfield><subfield code="a">Library</subfield><subfield code="9">$23.66</subfield><subfield code="x">FUND:Ling</subfield><subfield code="x">COPYID:12672</subfield><subfield code="x">FSC@aRegular@c19990218</subfield><subfield code="h">495.1321 A134d 1996</subfield><subfield code="z">B/T 12-98</subfield></datafield></record>