
<record><leader>01344cam a2200361 a 4500</leader><controlfield tag="008">951005s1995    ne ab    b    001 0 eng  </controlfield><datafield ind1=" " ind2=" " tag="010"><subfield code="a">   95043614 //r972</subfield></datafield><datafield ind1=" " ind2=" " tag="020"><subfield code="a">9027217947 (Eur. : alk. paper)</subfield></datafield><datafield ind1=" " ind2=" " tag="020"><subfield code="a">155619319X (US : alk. paper)</subfield></datafield><datafield ind1=" " ind2=" " tag="040"><subfield code="a">DLC</subfield><subfield code="c">DLC</subfield><subfield code="d">DLC</subfield><subfield code="d">TxDaGIAL</subfield></datafield><datafield ind1="0" ind2=" " tag="041"><subfield code="a">engchijpnkor</subfield></datafield><datafield ind1="0" ind2="0" tag="050"><subfield code="a">PL1171</subfield><subfield code="b">.T37 1995</subfield></datafield><datafield ind1="0" ind2="0" tag="082"><subfield code="a">306.4/4/0951</subfield><subfield code="2">20</subfield></datafield><datafield ind1="0" ind2="4" tag="082"><subfield code="a">302.2/224</subfield><subfield code="2">21</subfield></datafield><datafield ind1="1" ind2=" " tag="100"><subfield code="a">Taylor, Insup.</subfield></datafield><datafield ind1="1" ind2="0" tag="245"><subfield code="a">Writing and literacy in Chinese, Korean and Japanese /</subfield><subfield code="c">Insup Taylor and M. Martin Taylor.</subfield></datafield><datafield ind1=" " ind2=" " tag="260"><subfield code="a">Amsterdam ;</subfield><subfield code="a">Philadelphia :</subfield><subfield code="b">John Benjamins Pub. Co.,</subfield><subfield code="c">c1995.</subfield></datafield><datafield ind1=" " ind2=" " tag="300"><subfield code="a">xiii, 412 p. :</subfield><subfield code="b">ill., map ;</subfield><subfield code="c">23 cm.</subfield></datafield><datafield ind1=" " ind2="0" tag="440"><subfield code="a">Studies in written language and literacy,</subfield><subfield code="x">0929-7324 ;</subfield><subfield code="v">v. 3</subfield></datafield><datafield ind1=" " ind2=" " tag="504"><subfield code="a">Includes bibliographical references and indexes.</subfield></datafield><datafield ind1=" " ind2="0" tag="650"><subfield code="a">Written communication.</subfield></datafield><datafield ind1=" " ind2="0" tag="650"><subfield code="a">Chinese language.</subfield></datafield><datafield ind1=" " ind2="0" tag="650"><subfield code="a">Chinese language</subfield><subfield code="x">Writing.</subfield></datafield><datafield ind1=" " ind2="0" tag="650"><subfield code="a">Korean language.</subfield></datafield><datafield ind1=" " ind2="0" tag="650"><subfield code="a">Korean language</subfield><subfield code="x">Writing.</subfield></datafield><datafield ind1=" " ind2="0" tag="650"><subfield code="a">Japanese language.</subfield></datafield><datafield ind1=" " ind2="0" tag="650"><subfield code="a">Japanese language</subfield><subfield code="x">Writing.</subfield></datafield><datafield ind1="1" ind2=" " tag="700"><subfield code="a">Taylor, M. Martin</subfield><subfield code="q">(Maurice Martin)</subfield></datafield><datafield ind1=" " ind2=" " tag="035"><subfield code="a">(TxDaGIAL)37741100022957</subfield></datafield><controlfield tag="005">20080624162329.0</controlfield><controlfield tag="001">10839</controlfield><controlfield tag="003">TxDaGIAL</controlfield><datafield ind1=" " ind2=" " tag="852"><subfield code="p">37741100022957</subfield><subfield code="a">Library</subfield><subfield code="9">$57.46</subfield><subfield code="x">FUND:LD-Lite</subfield><subfield code="x">COPYID:12689</subfield><subfield code="x">FSC@aRegular@c19990309</subfield><subfield code="h">302.2244 T238w 1995</subfield><subfield code="z">B/T 1-99</subfield></datafield></record>