
<record><leader>01038pam a2200277 a 4500</leader><controlfield tag="008">960125s1996    ne a     b    001 0 eng  </controlfield><datafield ind1=" " ind2=" " tag="010"><subfield code="a">   96003779</subfield></datafield><datafield ind1=" " ind2=" " tag="020"><subfield code="a">9027226156 (Eur. : alk. paper)</subfield></datafield><datafield ind1=" " ind2=" " tag="020"><subfield code="a">1556193718 (US : alk. paper)</subfield></datafield><datafield ind1=" " ind2=" " tag="040"><subfield code="a">DLC</subfield><subfield code="c">DLC</subfield><subfield code="d">DLC</subfield></datafield><datafield ind1="0" ind2=" " tag="041"><subfield code="a">engchi</subfield></datafield><datafield ind1="0" ind2="0" tag="050"><subfield code="a">PL1271</subfield><subfield code="b">.T37 1996</subfield></datafield><datafield ind1="0" ind2="0" tag="082"><subfield code="a">495.1/0141</subfield><subfield code="2">20</subfield></datafield><datafield ind1="1" ind2=" " tag="100"><subfield code="a">Tao, Hongyin.</subfield></datafield><datafield ind1="1" ind2="0" tag="245"><subfield code="a">Units in Mandarin conversation :</subfield><subfield code="b">prosody, discourse, and gramar /</subfield><subfield code="c">Hongyin Tao.</subfield></datafield><datafield ind1=" " ind2=" " tag="260"><subfield code="a">Amsterdam ;</subfield><subfield code="a">Philadelphia :</subfield><subfield code="b">John Benjamins Pub. Co.,</subfield><subfield code="c">c1996.</subfield></datafield><datafield ind1=" " ind2=" " tag="300"><subfield code="a">xii, 225 p. :</subfield><subfield code="b">ill. ;</subfield><subfield code="c">23 cm.</subfield></datafield><datafield ind1=" " ind2="0" tag="440"><subfield code="a">Studies in discourse and grammar ;</subfield><subfield code="v">v. 5</subfield></datafield><datafield ind1=" " ind2=" " tag="504"><subfield code="a">Includes bibliographical references (p. [204]-216) and index.</subfield></datafield><datafield ind1=" " ind2="0" tag="650"><subfield code="a">Chinese language</subfield><subfield code="x">Discourse analysis.</subfield></datafield><datafield ind1=" " ind2="0" tag="650"><subfield code="a">Chinese language</subfield><subfield code="x">Grammar.</subfield></datafield><datafield ind1=" " ind2=" " tag="035"><subfield code="a">(TxDaGIAL)37741100022958</subfield></datafield><controlfield tag="005">20080624162329.0</controlfield><controlfield tag="001">10840</controlfield><controlfield tag="003">TxDaGIAL</controlfield><datafield ind1=" " ind2=" " tag="852"><subfield code="p">37741100022958</subfield><subfield code="a">Library</subfield><subfield code="9">$65.07</subfield><subfield code="x">FUND:Ling</subfield><subfield code="x">COPYID:12690</subfield><subfield code="x">FSC@aRegular@c19990309</subfield><subfield code="h">495.10141 T171u 1996</subfield><subfield code="z">B/T 1-99</subfield></datafield></record>