
<record><leader>00606nam a2200181 a 4500</leader><controlfield tag="008">980226s1973    xx            000 0 eng d</controlfield><datafield ind1=" " ind2=" " tag="040"><subfield code="a">TxDaGIAL</subfield><subfield code="c">TxDaGIAL</subfield></datafield><datafield ind1="1" ind2=" " tag="100"><subfield code="a">Arosemena, Melqu&#237;ades A.</subfield></datafield><datafield ind1="1" ind2="2" tag="245"><subfield code="a">A briefly annotated bibliography of Choctaw and other related languages /</subfield><subfield code="c">Melquiades A. Arosemena.</subfield></datafield><datafield ind1=" " ind2=" " tag="260"><subfield code="c">1973.</subfield></datafield><datafield ind1=" " ind2=" " tag="300"><subfield code="a">5 leaves ;</subfield><subfield code="c">28 cm.</subfield></datafield><datafield ind1=" " ind2=" " tag="500"><subfield code="a">Typescript.</subfield></datafield><datafield ind1=" " ind2="0" tag="650"><subfield code="a">Choctaw language</subfield><subfield code="v">Bibliography.</subfield></datafield><datafield ind1=" " ind2=" " tag="035"><subfield code="a">(TxDaGIAL)37741400000769</subfield></datafield><controlfield tag="005">20080624162333.0</controlfield><controlfield tag="001">10851</controlfield><controlfield tag="003">TxDaGIAL</controlfield><datafield ind1=" " ind2=" " tag="852"><subfield code="p">37741400000769</subfield><subfield code="a">Library</subfield><subfield code="9">$0.00</subfield><subfield code="x">COPYID:12701</subfield><subfield code="x">FSC@aVertFile@c19980226</subfield><subfield code="h">FILE</subfield></datafield></record>