
<record><leader>00763nam a2200205 a 4500</leader><controlfield tag="008">980227s1981    pn            000 0 spa d</controlfield><datafield ind1=" " ind2=" " tag="040"><subfield code="a">TxDaGIAL</subfield><subfield code="c">TxDaGIAL</subfield></datafield><datafield ind1="1" ind2=" " tag="100"><subfield code="a">Arosemena, Melquaides A.</subfield></datafield><datafield ind1="1" ind2="3" tag="245"><subfield code="a">La ling&#252;&#237;stica de texto aplicada a un texto narrativo guaym&#237; /</subfield><subfield code="c">Melquaides B. [sic A] Arosemena.</subfield></datafield><datafield ind1=" " ind2=" " tag="260"><subfield code="a">Lima :</subfield><subfield code="b">[s.n.],</subfield><subfield code="c">1981.</subfield></datafield><datafield ind1=" " ind2=" " tag="300"><subfield code="a">p. 177-211 :</subfield><subfield code="b">ill. ;</subfield><subfield code="c">21 cm.</subfield></datafield><datafield ind1=" " ind2=" " tag="504"><subfield code="a">p. 206-211.</subfield></datafield><datafield ind1=" " ind2=" " tag="500"><subfield code="a">Offprint: Revista latinoamericana de estudios etnoling&#252;&#237;sticos 1:177-211, 1981.</subfield></datafield><datafield ind1=" " ind2=" " tag="546"><subfield code="a">In Spanish.</subfield></datafield><datafield ind1=" " ind2="0" tag="650"><subfield code="a">Guaymi language</subfield><subfield code="x">Discourse analysis.</subfield></datafield><datafield ind1=" " ind2=" " tag="035"><subfield code="a">(TxDaGIAL)37741400000771</subfield></datafield><controlfield tag="005">20080624162333.0</controlfield><controlfield tag="001">10853</controlfield><controlfield tag="003">TxDaGIAL</controlfield><datafield ind1=" " ind2=" " tag="852"><subfield code="p">37741400000771</subfield><subfield code="a">Library</subfield><subfield code="9">$0.00</subfield><subfield code="x">COPYID:12703</subfield><subfield code="x">FSC@aVertFile@c19980227</subfield><subfield code="h">FILE</subfield></datafield></record>