
<record><leader>00724nam a2200205 a 4500</leader><controlfield tag="008">980302s1973    ph            000 0 eng d</controlfield><datafield ind1=" " ind2=" " tag="040"><subfield code="a">TxDaGIAL</subfield><subfield code="c">TxDaGIAL</subfield></datafield><datafield ind1="1" ind2=" " tag="100"><subfield code="a">Ashley, Seymour.</subfield></datafield><datafield ind1="1" ind2="0" tag="245"><subfield code="a">Notes on Tausug orthography.</subfield></datafield><datafield ind1=" " ind2=" " tag="260"><subfield code="a">Jolo, Sulu :</subfield><subfield code="b">Notre Dame of Jolo College,</subfield><subfield code="c">1973.</subfield></datafield><datafield ind1=" " ind2=" " tag="300"><subfield code="a">p. 86-94 :</subfield><subfield code="b">ill. ;</subfield><subfield code="c">21 cm.</subfield></datafield><datafield ind1=" " ind2=" " tag="504"><subfield code="a">Bibliography: p. 94.</subfield></datafield><datafield ind1=" " ind2=" " tag="500"><subfield code="a">Offprint: Sulu studies 2:86-94.</subfield></datafield><datafield ind1=" " ind2="0" tag="650"><subfield code="a">Tausug language</subfield><subfield code="x">Orthography.</subfield></datafield><datafield ind1=" " ind2=" " tag="035"><subfield code="a">(TxDaGIAL)37741400000781</subfield></datafield><controlfield tag="005">20080624162334.0</controlfield><controlfield tag="001">10859</controlfield><controlfield tag="003">TxDaGIAL</controlfield><datafield ind1=" " ind2=" " tag="852"><subfield code="p">37741400000781</subfield><subfield code="a">Library</subfield><subfield code="9">$0.00</subfield><subfield code="x">COPYID:12712</subfield><subfield code="x">FSC@aVertFile@c19980302</subfield><subfield code="h">FILE</subfield></datafield><datafield ind1=" " ind2=" " tag="852"><subfield code="p">37741400000782</subfield><subfield code="a">Library</subfield><subfield code="9">$0.00</subfield><subfield code="x">COPYID:12713</subfield><subfield code="x">FSC@aVertFile@c19980302</subfield><subfield code="h">FILE</subfield></datafield></record>