
<record><leader>00626nam a2200193 a 4500</leader><controlfield tag="008">980302s1953    xx            000 0 eng d</controlfield><datafield ind1=" " ind2=" " tag="040"><subfield code="a">TxDaGIAL</subfield><subfield code="c">TxDaGIAL</subfield></datafield><datafield ind1="1" ind2=" " tag="100"><subfield code="a">Atherton, William.</subfield></datafield><datafield ind1="1" ind2="0" tag="245"><subfield code="a">Binokid phonemes.</subfield></datafield><datafield ind1=" " ind2=" " tag="260"><subfield code="c">1953.</subfield></datafield><datafield ind1=" " ind2=" " tag="300"><subfield code="a">p. 1-6 ;</subfield><subfield code="c">28 cm.</subfield></datafield><datafield ind1=" " ind2=" " tag="500"><subfield code="a">Photocopy of a typescript.</subfield></datafield><datafield ind1=" " ind2="0" tag="650"><subfield code="a">Binukid Manobo language</subfield><subfield code="x">Phonology.</subfield></datafield><datafield ind1=" " ind2=" " tag="035"><subfield code="a">(TxDaGIAL)37741400000783</subfield></datafield><controlfield tag="005">20080624162334.0</controlfield><controlfield tag="001">10860</controlfield><controlfield tag="003">TxDaGIAL</controlfield><datafield ind1=" " ind2=" " tag="852"><subfield code="p">37741400000783</subfield><subfield code="a">Library</subfield><subfield code="9">$0.00</subfield><subfield code="x">COPYID:12714</subfield><subfield code="x">FSC@aVertFile@c19980302</subfield><subfield code="h">FILE</subfield></datafield><datafield ind1=" " ind2=" " tag="852"><subfield code="p">37741400000784</subfield><subfield code="a">Library</subfield><subfield code="9">$0.00</subfield><subfield code="x">COPYID:12715</subfield><subfield code="x">FSC@aVertFile@c19980302</subfield><subfield code="h">FILE</subfield></datafield></record>