
<record><leader>00732nam a2200193 a 4500</leader><controlfield tag="008">980303s1957    mdu           000 0 eng d</controlfield><datafield ind1=" " ind2=" " tag="040"><subfield code="a">TxDaGIAL</subfield><subfield code="c">TxDaGIAL</subfield></datafield><datafield ind1="1" ind2=" " tag="100"><subfield code="a">Aulie, H. Wilbur.</subfield></datafield><datafield ind1="1" ind2="0" tag="245"><subfield code="a">High-layered numerals in Chol (Mayan) /</subfield><subfield code="c">Wilbur Aulie.</subfield></datafield><datafield ind1=" " ind2=" " tag="260"><subfield code="a">Baltimore :</subfield><subfield code="b">Published at Waverly Press by Indiana University,</subfield><subfield code="c">1957.</subfield></datafield><datafield ind1=" " ind2=" " tag="300"><subfield code="a">p. 281-283 ;</subfield><subfield code="c">25 cm.</subfield></datafield><datafield ind1=" " ind2=" " tag="504"><subfield code="a">Includes bibliographical references.</subfield></datafield><datafield ind1=" " ind2=" " tag="500"><subfield code="a">Offprint: International journal of American linguistics 23(4):281-283, 1957.</subfield></datafield><datafield ind1=" " ind2="0" tag="650"><subfield code="a">Chol language</subfield><subfield code="x">Morphology.</subfield></datafield><datafield ind1=" " ind2=" " tag="035"><subfield code="a">(TxDaGIAL)37741400000789</subfield></datafield><controlfield tag="005">20080624162334.0</controlfield><controlfield tag="001">10864</controlfield><controlfield tag="003">TxDaGIAL</controlfield><datafield ind1=" " ind2=" " tag="852"><subfield code="p">37741400000789</subfield><subfield code="a">Library</subfield><subfield code="9">$0.00</subfield><subfield code="x">COPYID:12719</subfield><subfield code="x">FSC@aVertFile@c19980303</subfield><subfield code="h">FILE</subfield></datafield></record>