
<record><leader>00901nam a2200229 a 4500</leader><controlfield tag="008">980303s1956    rm            000 0 rum d</controlfield><datafield ind1=" " ind2=" " tag="040"><subfield code="a">TxDaGIAL</subfield><subfield code="c">TxDaGIAL</subfield></datafield><datafield ind1="0" ind2=" " tag="041"><subfield code="a">rum</subfield><subfield code="b">rusfre</subfield></datafield><datafield ind1="1" ind2=" " tag="100"><subfield code="a">Avram, Andrei.</subfield></datafield><datafield ind1="1" ind2="0" tag="245"><subfield code="a">Contributii la studiul fonologiei limbii rom&#238;ne /</subfield><subfield code="c">Andrei Avram.</subfield></datafield><datafield ind1=" " ind2=" " tag="260"><subfield code="a">Bucuresti :</subfield><subfield code="b">Academia Republicii Pupulare Romine,</subfield><subfield code="c">1956.</subfield></datafield><datafield ind1=" " ind2=" " tag="300"><subfield code="a">p. 193-205 ;</subfield><subfield code="c">24 cm.</subfield></datafield><datafield ind1=" " ind2=" " tag="504"><subfield code="a">Includes bibliographical references.</subfield></datafield><datafield ind1=" " ind2=" " tag="500"><subfield code="a">Offprint: Studii &#351;i cercetari lingvistice 7(3-4):193-205, 1956.</subfield></datafield><datafield ind1=" " ind2=" " tag="546"><subfield code="a">In Romanian; summaries in Russian and French.</subfield></datafield><datafield ind1=" " ind2=" " tag="590"><subfield code="a">Inscribed to K.L. Pike by the author.</subfield></datafield><datafield ind1=" " ind2="0" tag="650"><subfield code="a">Romanian language</subfield><subfield code="x">Phonology.</subfield></datafield><datafield ind1=" " ind2=" " tag="035"><subfield code="a">(TxDaGIAL)37741400000791</subfield></datafield><controlfield tag="005">20080624162334.0</controlfield><controlfield tag="001">10865</controlfield><controlfield tag="003">TxDaGIAL</controlfield><datafield ind1=" " ind2=" " tag="852"><subfield code="p">37741400000791</subfield><subfield code="a">Library</subfield><subfield code="b">Kenneth L. Pike Coll</subfield><subfield code="9">$0.00</subfield><subfield code="x">COPYID:12720</subfield><subfield code="x">FSC@aVertFile@c19980303</subfield><subfield code="h">FILE</subfield><subfield code="z">Gift, K.L. Pike</subfield></datafield></record>