
<record><leader>00895nam a2200229 a 4500</leader><controlfield tag="008">980303s1956    rm            000 0 fre d</controlfield><datafield ind1=" " ind2=" " tag="040"><subfield code="a">TxDaGIAL</subfield><subfield code="c">TxDaGIAL</subfield></datafield><datafield ind1="1" ind2=" " tag="100"><subfield code="a">Avram, Andrei.</subfield></datafield><datafield ind1="1" ind2="0" tag="245"><subfield code="a">Sur la classification ses voyelles roumaines /</subfield><subfield code="c">Andrei Avram.</subfield></datafield><datafield ind1=" " ind2=" " tag="260"><subfield code="a">Bucarest :</subfield><subfield code="b">Editions de l'Acad&#233;mie de la R&#233;publique populaire roumaine,</subfield><subfield code="c">1956.</subfield></datafield><datafield ind1=" " ind2=" " tag="300"><subfield code="a">p. 29-41 :</subfield><subfield code="b">ill. ;</subfield><subfield code="c">24 cm.</subfield></datafield><datafield ind1=" " ind2=" " tag="504"><subfield code="a">Includes bibliographical references.</subfield></datafield><datafield ind1=" " ind2=" " tag="500"><subfield code="a">Offprint: Revue de linguistique 1:29-41, 1956.</subfield></datafield><datafield ind1=" " ind2=" " tag="546"><subfield code="a">In French.</subfield></datafield><datafield ind1=" " ind2=" " tag="590"><subfield code="a">Inscribed to Kenneth L. Pike by the author.</subfield></datafield><datafield ind1=" " ind2="0" tag="650"><subfield code="a">Romanian language</subfield><subfield code="x">Phonology.</subfield></datafield><datafield ind1=" " ind2="0" tag="650"><subfield code="a">Romanian language</subfield><subfield code="x">Vowels.</subfield></datafield><datafield ind1=" " ind2=" " tag="035"><subfield code="a">(TxDaGIAL)37741400000793</subfield></datafield><controlfield tag="005">20080624162335.0</controlfield><controlfield tag="001">10867</controlfield><controlfield tag="003">TxDaGIAL</controlfield><datafield ind1=" " ind2=" " tag="852"><subfield code="p">37741400000793</subfield><subfield code="a">Library</subfield><subfield code="b">Kenneth L. Pike Coll</subfield><subfield code="9">$0.00</subfield><subfield code="x">COPYID:12722</subfield><subfield code="x">FSC@aVertFile@c19980303</subfield><subfield code="h">FILE</subfield><subfield code="z">Gift, K.L. Pike</subfield></datafield></record>