
<record><leader>00635nam a2200181 a 4500</leader><controlfield tag="008">980303s1971    ii            000 0 eng d</controlfield><datafield ind1=" " ind2=" " tag="040"><subfield code="a">TxDaGIAL</subfield><subfield code="c">TxDaGIAL</subfield></datafield><datafield ind1="1" ind2=" " tag="100"><subfield code="a">Aze, Richard,</subfield><subfield code="d">1938-</subfield></datafield><datafield ind1="1" ind2="0" tag="245"><subfield code="a">Parengi (Gorum) phonemic summary /</subfield><subfield code="c">Richard Aze.</subfield></datafield><datafield ind1=" " ind2=" " tag="260"><subfield code="a">Poona :</subfield><subfield code="b">Summer Institute of Linguistics and Deccan College,</subfield><subfield code="c">1971.</subfield></datafield><datafield ind1=" " ind2=" " tag="300"><subfield code="a">48 l. ;</subfield><subfield code="c">27 cm.</subfield></datafield><datafield ind1=" " ind2=" " tag="500"><subfield code="a">Running title: Parengi phonemic summary.</subfield></datafield><datafield ind1=" " ind2="0" tag="650"><subfield code="a">Parengi language</subfield><subfield code="x">Phonemics.</subfield></datafield><datafield ind1=" " ind2=" " tag="035"><subfield code="a">(TxDaGIAL)37741400000794</subfield></datafield><controlfield tag="005">20080624162335.0</controlfield><controlfield tag="001">10868</controlfield><controlfield tag="003">TxDaGIAL</controlfield><datafield ind1=" " ind2=" " tag="852"><subfield code="p">37741400000794</subfield><subfield code="a">Library</subfield><subfield code="9">$0.00</subfield><subfield code="x">COPYID:12723</subfield><subfield code="x">FSC@aVertFile@c19980303</subfield><subfield code="h">FILE</subfield></datafield></record>