
<record><leader>00805nam a2200205 a 4500</leader><controlfield tag="008">980304s1985    xx            000 0 eng d</controlfield><datafield ind1=" " ind2=" " tag="040"><subfield code="a">TxDaGIAL</subfield><subfield code="c">TxDaGIAL</subfield></datafield><datafield ind1="1" ind2=" " tag="100"><subfield code="a">Bauer, Robert S.</subfield></datafield><datafield ind1="1" ind2="0" tag="245"><subfield code="a">Cognation of bodypart terms across Chinese dialects /</subfield><subfield code="c">Robert S. Bauer.</subfield></datafield><datafield ind1=" " ind2=" " tag="260"><subfield code="c">1985.</subfield></datafield><datafield ind1=" " ind2=" " tag="300"><subfield code="a">33 p. ;</subfield><subfield code="c">21 cm.</subfield></datafield><datafield ind1=" " ind2=" " tag="504"><subfield code="a">Bibliography: p. 33.</subfield></datafield><datafield ind1=" " ind2=" " tag="500"><subfield code="a">Photocopy from: Paper presented at the 18th International Conference on Sino-Tibetan Languages and Linguistics, Ramkhamhaeng University, Bangkok, Thailand, August 28, 1985.</subfield></datafield><datafield ind1=" " ind2="0" tag="650"><subfield code="a">Chinese language</subfield><subfield code="x">Dialects.</subfield></datafield><datafield ind1=" " ind2="0" tag="650"><subfield code="a">Chinese language</subfield><subfield code="x">Semantics.</subfield></datafield><datafield ind1=" " ind2=" " tag="035"><subfield code="a">(TxDaGIAL)37741400000796</subfield></datafield><controlfield tag="005">20080624162335.0</controlfield><controlfield tag="001">10870</controlfield><controlfield tag="003">TxDaGIAL</controlfield><datafield ind1=" " ind2=" " tag="852"><subfield code="p">37741400000796</subfield><subfield code="a">Library</subfield><subfield code="9">$0.00</subfield><subfield code="x">COPYID:12725</subfield><subfield code="x">FSC@aVertFile@c19980304</subfield><subfield code="h">FILE</subfield></datafield></record>