
<record><leader>00945nam a2200229 a 4500</leader><controlfield tag="008">980304s1965    mdu           000 0 eng d</controlfield><datafield ind1=" " ind2=" " tag="040"><subfield code="a">TxDaGIAL</subfield><subfield code="c">TxDaGIAL</subfield></datafield><datafield ind1="1" ind2=" " tag="100"><subfield code="a">Bauernschmidt, Amy.</subfield></datafield><datafield ind1="1" ind2="0" tag="245"><subfield code="a">Amuzgo syllable dynamics /</subfield><subfield code="c">Amy Bauernschmidt.</subfield></datafield><datafield ind1=" " ind2=" " tag="260"><subfield code="a">Baltimore :</subfield><subfield code="b">Linguistic Society of America,</subfield><subfield code="c">1965.</subfield></datafield><datafield ind1=" " ind2=" " tag="300"><subfield code="a">p. 471-483 :</subfield><subfield code="b">ill. ;</subfield><subfield code="c">25 cm.</subfield></datafield><datafield ind1=" " ind2=" " tag="504"><subfield code="a">Includes bibliographical references.</subfield></datafield><datafield ind1=" " ind2=" " tag="500"><subfield code="a">Offprint: Language 41(3):471-483, 1965.</subfield></datafield><datafield ind1=" " ind2="0" tag="650"><subfield code="a">Amuzgo language</subfield><subfield code="x">Syllable.</subfield></datafield><datafield ind1=" " ind2="0" tag="650"><subfield code="a">Amuzgo language</subfield><subfield code="x">Phonology.</subfield></datafield><datafield ind1=" " ind2=" " tag="035"><subfield code="a">(TxDaGIAL)37741400000797</subfield></datafield><controlfield tag="005">20080624162335.0</controlfield><controlfield tag="001">10871</controlfield><controlfield tag="003">TxDaGIAL</controlfield><datafield ind1=" " ind2=" " tag="852"><subfield code="p">37741400000797</subfield><subfield code="a">Library</subfield><subfield code="9">$0.00</subfield><subfield code="x">COPYID:12726</subfield><subfield code="x">FSC@aVertFile@c19980304</subfield><subfield code="h">FILE</subfield></datafield><datafield ind1=" " ind2=" " tag="852"><subfield code="p">37741400000798</subfield><subfield code="a">Library</subfield><subfield code="9">$0.00</subfield><subfield code="x">COPYID:12727</subfield><subfield code="x">FSC@aVertFile@c19980304</subfield><subfield code="h">FILE</subfield></datafield><datafield ind1=" " ind2=" " tag="852"><subfield code="p">37741400000799</subfield><subfield code="a">Library</subfield><subfield code="b">Kenneth L. Pike Coll</subfield><subfield code="9">$0.00</subfield><subfield code="x">COPYID:12728</subfield><subfield code="x">FSC@aVertFile@c19980325</subfield><subfield code="h">FILE</subfield><subfield code="z">Gift, K.L. Pike</subfield></datafield></record>