
<record><leader>00697nam a2200193 a 4500</leader><controlfield tag="008">980305s1955    tu            000 0 eng d</controlfield><datafield ind1=" " ind2=" " tag="040"><subfield code="a">TxDaGIAL</subfield><subfield code="c">TxDaGIAL</subfield></datafield><datafield ind1="1" ind2=" " tag="100"><subfield code="a">Bazell, Charles Ernest.</subfield></datafield><datafield ind1="1" ind2="0" tag="245"><subfield code="a">Second for third singular in Old Norse /</subfield><subfield code="c">C.E. Bazell.</subfield></datafield><datafield ind1=" " ind2=" " tag="260"><subfield code="a">Istanbul :</subfield><subfield code="b">English Department of the University of Istanbul,</subfield><subfield code="c">1955.</subfield></datafield><datafield ind1=" " ind2=" " tag="300"><subfield code="a">p. [27]-31 ;</subfield><subfield code="c">24 cm.</subfield></datafield><datafield ind1=" " ind2=" " tag="504"><subfield code="a">Includes bibliographical references.</subfield></datafield><datafield ind1=" " ind2=" " tag="500"><subfield code="a">Offprint: Litera 2:27-31, 1955.</subfield></datafield><datafield ind1=" " ind2="0" tag="650"><subfield code="a">Old Norse language</subfield><subfield code="x">Morphology.</subfield></datafield><datafield ind1=" " ind2=" " tag="035"><subfield code="a">(TxDaGIAL)37741400000851</subfield></datafield><controlfield tag="005">20080624162336.0</controlfield><controlfield tag="001">10881</controlfield><controlfield tag="003">TxDaGIAL</controlfield><datafield ind1=" " ind2=" " tag="852"><subfield code="p">37741400000851</subfield><subfield code="a">Library</subfield><subfield code="9">$0.00</subfield><subfield code="x">COPYID:12738</subfield><subfield code="x">FSC@aVertFile@c19980305</subfield><subfield code="h">FILE</subfield></datafield></record>