
<record><leader>00862nam a2200205 a 4500</leader><controlfield tag="008">980305s1980    gw            000 0 eng d</controlfield><datafield ind1=" " ind2=" " tag="040"><subfield code="a">TxDaGIAL</subfield><subfield code="c">TxDaGIAL</subfield></datafield><datafield ind1="1" ind2=" " tag="100"><subfield code="a">Bearth, Thomas.</subfield></datafield><datafield ind1="1" ind2="0" tag="245"><subfield code="a">Is there a universal correlation between pitch and information value? /</subfield><subfield code="c">Thomas Bearth.</subfield></datafield><datafield ind1=" " ind2=" " tag="260"><subfield code="a">T&#252;bingen :</subfield><subfield code="b">Narr,</subfield><subfield code="c">1980.</subfield></datafield><datafield ind1=" " ind2=" " tag="300"><subfield code="a">p. [124]-130 ;</subfield><subfield code="c">24 cm.</subfield></datafield><datafield ind1=" " ind2=" " tag="504"><subfield code="a">Bibliography: p. 130.</subfield></datafield><datafield ind1=" " ind2=" " tag="500"><subfield code="a">Offprint: Wege zur Universalienforschung, sprachwissenschaftliche Beitr&#228;ge zum 60. Gerburtstag von Hansjakob Seiler: 124-130, 1980.</subfield></datafield><datafield ind1=" " ind2="0" tag="650"><subfield code="a">Tura language</subfield><subfield code="x">Discourse analysis.</subfield></datafield><datafield ind1=" " ind2=" " tag="035"><subfield code="a">(TxDaGIAL)37741400000853</subfield></datafield><controlfield tag="005">20080624162336.0</controlfield><controlfield tag="001">10883</controlfield><controlfield tag="003">TxDaGIAL</controlfield><datafield ind1=" " ind2=" " tag="852"><subfield code="p">37741400000853</subfield><subfield code="a">Library</subfield><subfield code="9">$0.00</subfield><subfield code="x">COPYID:12740</subfield><subfield code="x">FSC@aVertFile@c19980305</subfield><subfield code="h">FILE</subfield></datafield><datafield ind1=" " ind2=" " tag="852"><subfield code="p">37741400000854</subfield><subfield code="a">Library</subfield><subfield code="9">$0.00</subfield><subfield code="x">COPYID:12741</subfield><subfield code="x">FSC@aVertFile@c19980305</subfield><subfield code="h">FILE</subfield></datafield></record>