
<record><leader>00759nam a2200217 a 4500</leader><controlfield tag="008">980306s1996    ilu           000 0 eng d</controlfield><datafield ind1=" " ind2=" " tag="040"><subfield code="a">TxDaGIAL</subfield><subfield code="c">TxDaGIAL</subfield></datafield><datafield ind1="1" ind2=" " tag="100"><subfield code="a">Parker, Steve.</subfield></datafield><datafield ind1="1" ind2="0" tag="245"><subfield code="a">Glottalized and aspirated stops in Cuzco Quechua /</subfield><subfield code="c">Steve Parker.</subfield></datafield><datafield ind1=" " ind2=" " tag="260"><subfield code="c">1996.</subfield></datafield><datafield ind1=" " ind2=" " tag="300"><subfield code="a">p. 70-85 :</subfield><subfield code="b">ill. ;</subfield><subfield code="c">22 cm.</subfield></datafield><datafield ind1=" " ind2=" " tag="504"><subfield code="a">Bibliography: p. 85.</subfield></datafield><datafield ind1=" " ind2=" " tag="500"><subfield code="a">Photocopy from: International journal of American linguistics 62(1):70-85, 1996.</subfield></datafield><datafield ind1=" " ind2="0" tag="650"><subfield code="a">Quechua language</subfield><subfield code="x">Phonology.</subfield></datafield><datafield ind1=" " ind2="0" tag="650"><subfield code="a">Quechua language</subfield><subfield code="x">Dialects</subfield><subfield code="z">Peru</subfield><subfield code="z">Cuzco.</subfield></datafield><datafield ind1="1" ind2="0" tag="700"><subfield code="a">Weber, David.</subfield></datafield><datafield ind1=" " ind2=" " tag="035"><subfield code="a">(TxDaGIAL)37741400000857</subfield></datafield><controlfield tag="005">20080624162336.0</controlfield><controlfield tag="001">10885</controlfield><controlfield tag="003">TxDaGIAL</controlfield><datafield ind1=" " ind2=" " tag="852"><subfield code="p">37741400000857</subfield><subfield code="a">Library</subfield><subfield code="9">$0.00</subfield><subfield code="x">COPYID:12743</subfield><subfield code="x">FSC@aVertFile@c19980306</subfield><subfield code="h">FILE</subfield></datafield></record>