
<record><leader>00721nam a2200193 a 4500</leader><controlfield tag="008">980309s1946    mdu           000 0 eng d</controlfield><datafield ind1=" " ind2=" " tag="040"><subfield code="a">TxDaGIAL</subfield><subfield code="c">TxDaGIAL</subfield></datafield><datafield ind1="1" ind2=" " tag="100"><subfield code="a">Harden, Margaret.</subfield></datafield><datafield ind1="1" ind2="0" tag="245"><subfield code="a">Syllable structure of Terena /</subfield><subfield code="c">Margaret Harden.</subfield></datafield><datafield ind1=" " ind2=" " tag="260"><subfield code="a">Baltimore :</subfield><subfield code="b">Published at Waverly Press by Indiana University,</subfield><subfield code="c">1946.</subfield></datafield><datafield ind1=" " ind2=" " tag="300"><subfield code="a">p. 60-63 :</subfield><subfield code="b">ill. ;</subfield><subfield code="c">25 cm.</subfield></datafield><datafield ind1=" " ind2=" " tag="500"><subfield code="a">Offprint: International journal of American linguistics 12(2):60-63, 1946.</subfield></datafield><datafield ind1=" " ind2="0" tag="650"><subfield code="a">Terena language</subfield><subfield code="x">Syllable.</subfield></datafield><datafield ind1=" " ind2="0" tag="650"><subfield code="a">Terena language</subfield><subfield code="x">Phonology.</subfield></datafield><datafield ind1=" " ind2=" " tag="035"><subfield code="a">(TxDaGIAL)37741400000864</subfield></datafield><controlfield tag="005">20080624162337.0</controlfield><controlfield tag="001">10891</controlfield><controlfield tag="003">TxDaGIAL</controlfield><datafield ind1=" " ind2=" " tag="852"><subfield code="p">37741400000864</subfield><subfield code="a">Library</subfield><subfield code="9">$0.00</subfield><subfield code="x">COPYID:12750</subfield><subfield code="x">FSC@aVertFile@c19971126</subfield><subfield code="h">FILE</subfield></datafield></record>