
<record><leader>00888nam a2200229 a 4500</leader><controlfield tag="008">980311s1972    mdu           000 0 eng d</controlfield><datafield ind1=" " ind2=" " tag="040"><subfield code="a">TxDaGIAL</subfield><subfield code="c">TxDaGIAL</subfield></datafield><datafield ind1="1" ind2=" " tag="100"><subfield code="a">Gordon, Raymond G.</subfield></datafield><datafield ind1="1" ind2="0" tag="245"><subfield code="a">Pitch accent in Crow /</subfield><subfield code="c">Raymond G. Gordon, Jr.</subfield></datafield><datafield ind1=" " ind2=" " tag="260"><subfield code="a">Baltimore :</subfield><subfield code="b">Published at Waverly Press by Indiana University,</subfield><subfield code="c">1972.</subfield></datafield><datafield ind1=" " ind2=" " tag="300"><subfield code="a">p. 191-200 :</subfield><subfield code="b">ill. ;</subfield><subfield code="c">25 cm.</subfield></datafield><datafield ind1=" " ind2=" " tag="504"><subfield code="a">Bibliography: p. 199-200.</subfield></datafield><datafield ind1=" " ind2=" " tag="500"><subfield code="a">Offprint: International journal of American linguistics 38(3):191-200, 1972.</subfield></datafield><datafield ind1=" " ind2="0" tag="650"><subfield code="a">Crow language</subfield><subfield code="x">Phonology.</subfield></datafield><datafield ind1=" " ind2="0" tag="650"><subfield code="a">Tone (Phonetics)</subfield></datafield><datafield ind1=" " ind2="0" tag="650"><subfield code="a">Generative grammar</subfield><subfield code="x">Tone.</subfield></datafield><datafield ind1=" " ind2=" " tag="035"><subfield code="a">(TxDaGIAL)37741400000869</subfield></datafield><controlfield tag="005">20080624162337.0</controlfield><controlfield tag="001">10895</controlfield><controlfield tag="003">TxDaGIAL</controlfield><datafield ind1=" " ind2=" " tag="852"><subfield code="p">37741400000869</subfield><subfield code="a">Library</subfield><subfield code="9">$0.00</subfield><subfield code="x">COPYID:12755</subfield><subfield code="x">FSC@aVertFile@c19980311</subfield><subfield code="h">FILE</subfield></datafield><datafield ind1=" " ind2=" " tag="852"><subfield code="p">37741400000870</subfield><subfield code="a">Library</subfield><subfield code="9">$0.00</subfield><subfield code="x">COPYID:12756</subfield><subfield code="x">FSC@aVertFile@c19980311</subfield><subfield code="h">FILE</subfield></datafield></record>