
<record><leader>00616nam a2200181 a 4500</leader><controlfield tag="008">980323s1935    mx            000 0 spa d</controlfield><datafield ind1=" " ind2=" " tag="040"><subfield code="a">TxDaGIAL</subfield><subfield code="c">TxDaGIAL</subfield></datafield><datafield ind1="1" ind2=" " tag="100"><subfield code="a">Townsend, William Cameron,</subfield><subfield code="d">1896-</subfield></datafield><datafield ind1="1" ind2="0" tag="245"><subfield code="a">Cartillas ling&#252;isticas :</subfield><subfield code="b">Lengua Nahuatl /</subfield><subfield code="c">Guilermo C. Townsend.</subfield></datafield><datafield ind1=" " ind2=" " tag="260"><subfield code="a">Mexico :</subfield><subfield code="b">Talleres Graficos de la Nacion,</subfield><subfield code="c">1935.</subfield></datafield><datafield ind1=" " ind2=" " tag="300"><subfield code="a">48 p. ;</subfield><subfield code="c">23 cm.</subfield></datafield><datafield ind1=" " ind2=" " tag="546"><subfield code="a">In Spanish.</subfield></datafield><datafield ind1=" " ind2="0" tag="650"><subfield code="a">Nahuatl language</subfield><subfield code="v">Readers.</subfield></datafield><datafield ind1=" " ind2=" " tag="035"><subfield code="a">(TxDaGIAL)37741400000876</subfield></datafield><controlfield tag="005">20080624162337.0</controlfield><controlfield tag="001">10899</controlfield><controlfield tag="003">TxDaGIAL</controlfield><datafield ind1=" " ind2=" " tag="852"><subfield code="p">37741400000876</subfield><subfield code="a">Library</subfield><subfield code="9">$0.00</subfield><subfield code="x">COPYID:12762</subfield><subfield code="x">FSC@aVertFile@c19980323</subfield><subfield code="h">FILE</subfield></datafield></record>