
<record><leader>00951nam a2200229 a 4500</leader><controlfield tag="008">980323s1974    ilu           000 0 eng d</controlfield><datafield ind1=" " ind2=" " tag="040"><subfield code="a">TxDaGIAL</subfield><subfield code="c">TxDaGIAL</subfield></datafield><datafield ind1="1" ind2=" " tag="100"><subfield code="a">Goller, Theodore R.</subfield></datafield><datafield ind1="1" ind2="4" tag="245"><subfield code="a">The phonemes of Orizaba Nahuatl /</subfield><subfield code="c">Theodore R. Goller, Patricia L. Goller, and Viola G. Waterhouse.</subfield></datafield><datafield ind1=" " ind2=" " tag="260"><subfield code="a">Chicago :</subfield><subfield code="b">University of Chicago Press,</subfield><subfield code="c">1974.</subfield></datafield><datafield ind1=" " ind2=" " tag="300"><subfield code="a">p. 126-131 :</subfield><subfield code="b">ill. ;</subfield><subfield code="c">24 cm.</subfield></datafield><datafield ind1=" " ind2=" " tag="504"><subfield code="a">Includes bibliographical references.</subfield></datafield><datafield ind1=" " ind2=" " tag="500"><subfield code="a">Offprint: International journal of American linguistics 40(2):126-131, 1974.</subfield></datafield><datafield ind1=" " ind2="0" tag="650"><subfield code="a">Nahuatl language</subfield><subfield code="x">Phonology</subfield><subfield code="z">Orizaba.</subfield></datafield><datafield ind1="1" ind2="0" tag="700"><subfield code="a">Goller, Patricia L.</subfield></datafield><datafield ind1="1" ind2="0" tag="700"><subfield code="a">Waterhouse, Viola Grace,</subfield><subfield code="d">1918-</subfield></datafield><datafield ind1=" " ind2=" " tag="035"><subfield code="a">(TxDaGIAL)37741400000877</subfield></datafield><controlfield tag="005">20080624162337.0</controlfield><controlfield tag="001">10900</controlfield><controlfield tag="003">TxDaGIAL</controlfield><datafield ind1=" " ind2=" " tag="852"><subfield code="p">37741400000877</subfield><subfield code="a">Library</subfield><subfield code="9">$0.00</subfield><subfield code="x">COPYID:12763</subfield><subfield code="x">FSC@aVertFile@c19980323</subfield><subfield code="h">FILE</subfield></datafield><datafield ind1=" " ind2=" " tag="852"><subfield code="p">37741400000878</subfield><subfield code="a">Library</subfield><subfield code="9">$0.00</subfield><subfield code="x">COPYID:12764</subfield><subfield code="x">FSC@aVertFile@c19980323</subfield><subfield code="h">FILE</subfield></datafield></record>