
<record><leader>00777nam a2200193 a 4500</leader><controlfield tag="008">980324s1950    ilu           000 0 eng d</controlfield><datafield ind1=" " ind2=" " tag="040"><subfield code="a">TxDaGIAL</subfield><subfield code="c">TxDaGIAL</subfield></datafield><datafield ind1="1" ind2=" " tag="100"><subfield code="a">Garvin, Paul L.</subfield></datafield><datafield ind1="1" ind2="0" tag="245"><subfield code="a">Wichita I :</subfield><subfield code="b">Phonemics /</subfield><subfield code="c">Paul L. Garvin.</subfield></datafield><datafield ind1=" " ind2=" " tag="260"><subfield code="a">Baltimore :</subfield><subfield code="b">Published at Waverly Press by Indiana University,</subfield><subfield code="c">1950.</subfield></datafield><datafield ind1=" " ind2=" " tag="300"><subfield code="a">p. 179-184 ;</subfield><subfield code="c">25 cm.</subfield></datafield><datafield ind1=" " ind2=" " tag="500"><subfield code="a">Offprint: International journal of American linguistics 16(4):179-184, 1950.</subfield></datafield><datafield ind1=" " ind2="0" tag="650"><subfield code="a">Wichita language</subfield><subfield code="x">Phonology.</subfield></datafield><datafield ind1=" " ind2=" " tag="035"><subfield code="a">(TxDaGIAL)37741400000879</subfield></datafield><controlfield tag="005">20080624162338.0</controlfield><controlfield tag="001">10901</controlfield><controlfield tag="003">TxDaGIAL</controlfield><datafield ind1=" " ind2=" " tag="852"><subfield code="p">37741400000879</subfield><subfield code="a">Library</subfield><subfield code="9">$0.00</subfield><subfield code="x">COPYID:12765</subfield><subfield code="x">FSC@aVertFile@c19980324</subfield><subfield code="h">FILE</subfield><subfield code="z">Gift, P.L. Garvin</subfield></datafield><datafield ind1=" " ind2=" " tag="852"><subfield code="p">37741400000880</subfield><subfield code="a">Library</subfield><subfield code="9">$0.00</subfield><subfield code="x">COPYID:12766</subfield><subfield code="x">FSC@aVertFile@c19980324</subfield><subfield code="h">FILE</subfield></datafield></record>