
<record><leader>01010nam a2200217 a 4500</leader><controlfield tag="008">980324s1971    nmu           000 0 eng d</controlfield><datafield ind1=" " ind2=" " tag="040"><subfield code="a">TxDaGIAL</subfield><subfield code="c">TxDaGIAL</subfield></datafield><datafield ind1="1" ind2=" " tag="100"><subfield code="a">Spolsky, Bernard.</subfield></datafield><datafield ind1="1" ind2="2" tag="245"><subfield code="a">A spoken word count of six-year-old Navajo children /</subfield><subfield code="c">Bernard Spolsky.</subfield></datafield><datafield ind1=" " ind2=" " tag="260"><subfield code="a">[Albuquerque, N.M.] :</subfield><subfield code="b">The University of New Mexico,</subfield><subfield code="c">1971.</subfield></datafield><datafield ind1=" " ind2=" " tag="300"><subfield code="a">32 p. :</subfield><subfield code="b">ill. ;</subfield><subfield code="c">28 cm.</subfield></datafield><datafield ind1="1" ind2=" " tag="490"><subfield code="a">Navajo Reading Study Progress Report ;</subfield><subfield code="v">10</subfield></datafield><datafield ind1=" " ind2=" " tag="500"><subfield code="a">At head of title: Navajo reading study.</subfield></datafield><datafield ind1=" " ind2=" " tag="500"><subfield code="a">The work reported herein was supported by the United States Department of the Interior (Bureau of Indian Affairs, Navajo Area Office, Contract No. NOO C 1420 3462), and by a grant from the Ford Foundation to the University of New Mexico.</subfield></datafield><datafield ind1=" " ind2="0" tag="650"><subfield code="a">Navajo language</subfield><subfield code="v">Statistics.</subfield></datafield><datafield ind1="1" ind2="0" tag="700"><subfield code="a">Holm, Wayne,</subfield><subfield code="e">co-director.</subfield></datafield><datafield ind1=" " ind2=" " tag="035"><subfield code="a">(TxDaGIAL)37741400000883</subfield></datafield><controlfield tag="005">20080624162338.0</controlfield><controlfield tag="001">10903</controlfield><controlfield tag="003">TxDaGIAL</controlfield><datafield ind1=" " ind2=" " tag="852"><subfield code="p">37741400000883</subfield><subfield code="a">Library</subfield><subfield code="9">$0.00</subfield><subfield code="x">COPYID:12769</subfield><subfield code="x">FSC@aVertFile@c19971126</subfield><subfield code="h">FILE</subfield></datafield></record>