
<record><leader>00703nam a2200205 a 4500</leader><controlfield tag="008">980324s1973    nmu           000 0 eng d</controlfield><datafield ind1=" " ind2=" " tag="040"><subfield code="a">TxDaGIAL</subfield><subfield code="c">TxDaGIAL</subfield></datafield><datafield ind1="1" ind2=" " tag="100"><subfield code="a">Kari, James M.</subfield></datafield><datafield ind1="1" ind2="0" tag="245"><subfield code="a">Navajo language bibliography /</subfield><subfield code="c">James Kari.</subfield></datafield><datafield ind1=" " ind2=" " tag="250"><subfield code="a">Prelim. ed.</subfield></datafield><datafield ind1=" " ind2=" " tag="260"><subfield code="a">[Albuquerque, N.M.] :</subfield><subfield code="b">University of New Mexico,</subfield><subfield code="c">1973.</subfield></datafield><datafield ind1=" " ind2=" " tag="300"><subfield code="a">i, 39 p. ;</subfield><subfield code="c">28 cm.</subfield></datafield><datafield ind1="1" ind2=" " tag="490"><subfield code="a">Navajo Reading Study Progress Report ;</subfield><subfield code="v">22</subfield></datafield><datafield ind1=" " ind2=" " tag="500"><subfield code="a">At head of title: Navajo reading study.</subfield></datafield><datafield ind1=" " ind2="0" tag="650"><subfield code="a">Navajo language</subfield><subfield code="v">Bibliography.</subfield></datafield><datafield ind1=" " ind2=" " tag="035"><subfield code="a">(TxDaGIAL)37741400000889</subfield></datafield><controlfield tag="005">20080624162338.0</controlfield><controlfield tag="001">10909</controlfield><controlfield tag="003">TxDaGIAL</controlfield><datafield ind1=" " ind2=" " tag="852"><subfield code="p">37741400000889</subfield><subfield code="a">Library</subfield><subfield code="9">$0.00</subfield><subfield code="x">COPYID:12775</subfield><subfield code="x">FSC@aVertFile@c19980324</subfield><subfield code="h">FILE</subfield></datafield></record>