
<record><leader>01183nam a2200229 a 4500</leader><controlfield tag="008">980324s1971    nmu           000 0 eng d</controlfield><datafield ind1=" " ind2=" " tag="040"><subfield code="a">TxDaGIAL</subfield><subfield code="c">TxDaGIAL</subfield></datafield><datafield ind1="1" ind2=" " tag="100"><subfield code="a">Spolsky, Bernard.</subfield></datafield><datafield ind1="1" ind2="0" tag="245"><subfield code="a">Navajo language maintenance III :</subfield><subfield code="b">Accessibility of school and town as a factor in language shift /</subfield><subfield code="c">Bernard Spolsky.</subfield></datafield><datafield ind1=" " ind2=" " tag="260"><subfield code="a">[Albuquerque, N.M.] :</subfield><subfield code="b">The University of New Mexico,</subfield><subfield code="c">1971.</subfield></datafield><datafield ind1=" " ind2=" " tag="300"><subfield code="a">i, 23 p. :</subfield><subfield code="b">ill. ;</subfield><subfield code="c">28 cm.</subfield></datafield><datafield ind1="1" ind2=" " tag="490"><subfield code="a">Navajo Reading Study Progress Report ;</subfield><subfield code="v">14</subfield></datafield><datafield ind1=" " ind2=" " tag="500"><subfield code="a">At head of title: Navajo reading study.</subfield></datafield><datafield ind1=" " ind2=" " tag="500"><subfield code="a">The work reported herein was supported in part by the United States Department of the Interior (Bureau of Indian Affairs, Navajo Area Office, Contract No. NOO C 1420 3462), in part by a grant from the Ford Foundation, and in part by a gift to the University of New Mexico from John Nuveen and Company.</subfield></datafield><datafield ind1=" " ind2="0" tag="650"><subfield code="a">Sociolinguistics</subfield><subfield code="z">United States</subfield><subfield code="z">New Mexico</subfield><subfield code="x">Navajo Indians.</subfield></datafield><datafield ind1=" " ind2="0" tag="650"><subfield code="a">Navajo language.</subfield></datafield><datafield ind1=" " ind2="0" tag="650"><subfield code="a">Languages in contact.</subfield></datafield><datafield ind1=" " ind2=" " tag="035"><subfield code="a">(TxDaGIAL)37741400000890</subfield></datafield><controlfield tag="005">20080624162338.0</controlfield><controlfield tag="001">10910</controlfield><controlfield tag="003">TxDaGIAL</controlfield><datafield ind1=" " ind2=" " tag="852"><subfield code="p">37741400000890</subfield><subfield code="a">Library</subfield><subfield code="9">$0.00</subfield><subfield code="x">COPYID:12776</subfield><subfield code="x">FSC@aVertFile@c19980324</subfield><subfield code="h">FILE</subfield></datafield></record>