
<record><leader>01032nam a2200229 a 4500</leader><controlfield tag="008">980325s1946    mdu           000 0 eng d</controlfield><datafield ind1=" " ind2=" " tag="040"><subfield code="a">TxDaGIAL</subfield><subfield code="c">TxDaGIAL</subfield></datafield><datafield ind1="1" ind2=" " tag="100"><subfield code="a">Elson, Benjamin F.</subfield><subfield code="q">(Benjamin Franklin),</subfield><subfield code="d">1921-</subfield></datafield><datafield ind1="1" ind2="0" tag="245"><subfield code="a">Sierra Popoluca syllable structure /</subfield><subfield code="c">Ben Elson.</subfield></datafield><datafield ind1=" " ind2=" " tag="260"><subfield code="a">Baltimore :</subfield><subfield code="b">Published at Waverly Press by Indiana University,</subfield><subfield code="c">1946.</subfield></datafield><datafield ind1=" " ind2=" " tag="300"><subfield code="a">p. 13-17 ;</subfield><subfield code="c">26 cm.</subfield></datafield><datafield ind1=" " ind2=" " tag="504"><subfield code="a">Includes bibliographical references.</subfield></datafield><datafield ind1=" " ind2=" " tag="500"><subfield code="a">Offprint: International journal of American linguistics 13(1):13-17, 1946.</subfield></datafield><datafield ind1=" " ind2="0" tag="650"><subfield code="a">Sierra Popoluca language</subfield><subfield code="x">Syllable.</subfield></datafield><datafield ind1=" " ind2="0" tag="650"><subfield code="a">Sierra Popoluca language</subfield><subfield code="x">Phonology.</subfield></datafield><datafield ind1=" " ind2=" " tag="035"><subfield code="a">(TxDaGIAL)37741400000892</subfield></datafield><controlfield tag="005">20080624162338.0</controlfield><controlfield tag="001">10912</controlfield><controlfield tag="003">TxDaGIAL</controlfield><datafield ind1=" " ind2=" " tag="852"><subfield code="p">37741400000892</subfield><subfield code="a">Library</subfield><subfield code="9">$0.00</subfield><subfield code="x">COPYID:12778</subfield><subfield code="x">FSC@aVertFile@c19980325</subfield><subfield code="h">FILE</subfield></datafield><datafield ind1=" " ind2=" " tag="852"><subfield code="p">37741400000893</subfield><subfield code="a">Library</subfield><subfield code="9">$0.00</subfield><subfield code="x">COPYID:12779</subfield><subfield code="x">FSC@aVertFile@c19980325</subfield><subfield code="h">FILE</subfield><subfield code="z">Gift, E.V. Pike</subfield></datafield><datafield ind1=" " ind2=" " tag="852"><subfield code="p">37741400000894</subfield><subfield code="a">Library</subfield><subfield code="9">$0.00</subfield><subfield code="x">COPYID:12780</subfield><subfield code="x">FSC@aVertFile@c19980325</subfield><subfield code="h">FILE</subfield><subfield code="z">Gift, E.V. Pike</subfield></datafield></record>