
<record><leader>00682nam a2200181 a 4500</leader><controlfield tag="008">980331s1953    enk           000 0 eng d</controlfield><datafield ind1=" " ind2=" " tag="040"><subfield code="a">TxDaGIAL</subfield><subfield code="c">TxDaGIAL</subfield></datafield><datafield ind1="1" ind2=" " tag="100"><subfield code="a">Scott, N.C.</subfield></datafield><datafield ind1="1" ind2="2" tag="245"><subfield code="a">A phonological analysis of the Szechuanese monosyllable /</subfield><subfield code="c">N.C. Scott.</subfield></datafield><datafield ind1=" " ind2=" " tag="260"><subfield code="a">[London :</subfield><subfield code="b">School of Oriental Studies,</subfield><subfield code="c">1953]</subfield></datafield><datafield ind1=" " ind2=" " tag="300"><subfield code="a">p. 556-560 ;</subfield><subfield code="c">25 cm.</subfield></datafield><datafield ind1=" " ind2=" " tag="504"><subfield code="a">Includes bibliographical references.</subfield></datafield><datafield ind1=" " ind2="0" tag="650"><subfield code="a">Chinese language</subfield><subfield code="x">Dialects</subfield><subfield code="x">Phonology</subfield><subfield code="z">Szechwan {Province}.</subfield></datafield><datafield ind1=" " ind2=" " tag="035"><subfield code="a">(TxDaGIAL)37741400000917</subfield></datafield><controlfield tag="005">20080624162341.0</controlfield><controlfield tag="001">10930</controlfield><controlfield tag="003">TxDaGIAL</controlfield><datafield ind1=" " ind2=" " tag="852"><subfield code="p">37741400000917</subfield><subfield code="a">Library</subfield><subfield code="9">$0.00</subfield><subfield code="x">COPYID:12800</subfield><subfield code="x">FSC@aVertFile@c19980331</subfield><subfield code="h">FILE</subfield><subfield code="z">Gift, S.C. Gudschinsky</subfield></datafield></record>