
<record><leader>01102nam a2200229 a 4500</leader><controlfield tag="008">980403s1986    ne            000 0 eng d</controlfield><datafield ind1=" " ind2=" " tag="040"><subfield code="a">TxDaGIAL</subfield><subfield code="c">TxDaGIAL</subfield></datafield><datafield ind1="1" ind2=" " tag="100"><subfield code="a">Laughren, Mary.</subfield></datafield><datafield ind1="1" ind2="0" tag="245"><subfield code="a">[Review article] /</subfield><subfield code="c">reviewed by Mary Laughren.</subfield></datafield><datafield ind1=" " ind2=" " tag="260"><subfield code="a">[Dordrecht, Netherlands :</subfield><subfield code="b">Foris Publications for Dept. of African Linguistics, University of Leiden],</subfield><subfield code="c">1986.</subfield></datafield><datafield ind1=" " ind2=" " tag="300"><subfield code="a">p. 87-94 ;</subfield><subfield code="c">22 cm.</subfield></datafield><datafield ind1=" " ind2=" " tag="504"><subfield code="a">Bibliography: p. 93-94.</subfield></datafield><datafield ind1=" " ind2=" " tag="500"><subfield code="a">On Elizabeth Mills. Senoufo phonology, discourse to syllable (a prosodic approach). Dallas: Summer Institute of Linguistics and University of Texas at Arlington, 1984.</subfield></datafield><datafield ind1=" " ind2=" " tag="500"><subfield code="a">Offprint: Journal of African languages and linguistics 8:87-94, 1986.</subfield></datafield><datafield ind1=" " ind2="0" tag="650"><subfield code="a">Senari language</subfield><subfield code="x">Phonology.</subfield></datafield><datafield ind1="1" ind2="0" tag="700"><subfield code="a">Mills, Elizabeth.</subfield><subfield code="t">Senoufo phonology, discourse to syllable (a prosodic approach)</subfield></datafield><datafield ind1="0" ind2="1" tag="740"><subfield code="a">Senoufo phonology, discourse to syllable (a prosodic approach)</subfield></datafield><datafield ind1=" " ind2=" " tag="035"><subfield code="a">(TxDaGIAL)37741400000922</subfield></datafield><controlfield tag="005">20080624162342.0</controlfield><controlfield tag="001">10935</controlfield><controlfield tag="003">TxDaGIAL</controlfield><datafield ind1=" " ind2=" " tag="852"><subfield code="p">37741400000922</subfield><subfield code="a">Library</subfield><subfield code="9">$0.00</subfield><subfield code="x">COPYID:12805</subfield><subfield code="x">FSC@aVertFile@c19980403</subfield><subfield code="h">FILE</subfield></datafield></record>