
<record><leader>00880nam a2200205 a 4500</leader><controlfield tag="008">980403s1955    enk           000 0 eng d</controlfield><datafield ind1=" " ind2=" " tag="040"><subfield code="a">TxDaGIAL</subfield><subfield code="c">TxDaGIAL</subfield></datafield><datafield ind1="1" ind2=" " tag="100"><subfield code="a">Burton-Page, J.</subfield></datafield><datafield ind1="1" ind2="0" tag="245"><subfield code="a">Two studies in Gurungkura :</subfield><subfield code="b">I. Tone; II. Rhotacization and retroflexion /</subfield><subfield code="c">By J. Burton-Page.</subfield></datafield><datafield ind1=" " ind2=" " tag="260"><subfield code="a">London :</subfield><subfield code="b">The School of Oriental and African Studies, University of London,</subfield><subfield code="c">1955.</subfield></datafield><datafield ind1=" " ind2=" " tag="300"><subfield code="a">p. 111-119 :</subfield><subfield code="b">ill. ;</subfield><subfield code="c">28 cm.</subfield></datafield><datafield ind1=" " ind2=" " tag="504"><subfield code="a">Includes bibliographical references.</subfield></datafield><datafield ind1=" " ind2=" " tag="500"><subfield code="a">Offprint: BSOAS 17:111-119, 1955.</subfield></datafield><datafield ind1=" " ind2="0" tag="650"><subfield code="a">Gurung language</subfield><subfield code="x">Phonology.</subfield></datafield><datafield ind1=" " ind2=" " tag="035"><subfield code="a">(TxDaGIAL)37741400000923</subfield></datafield><controlfield tag="005">20080624162342.0</controlfield><controlfield tag="001">10936</controlfield><controlfield tag="003">TxDaGIAL</controlfield><datafield ind1=" " ind2=" " tag="852"><subfield code="p">37741400000923</subfield><subfield code="a">Library</subfield><subfield code="b">Kenneth L. Pike Coll</subfield><subfield code="9">$0.00</subfield><subfield code="x">COPYID:12806</subfield><subfield code="x">FSC@aVertFile@c19980403</subfield><subfield code="h">FILE</subfield><subfield code="z">Gift, K.L. Pike</subfield></datafield><datafield ind1=" " ind2=" " tag="852"><subfield code="p">37741400000924</subfield><subfield code="a">Library</subfield><subfield code="9">$0.00</subfield><subfield code="x">COPYID:12807</subfield><subfield code="x">FSC@aVertFile@c19980403</subfield><subfield code="h">FILE</subfield></datafield></record>