
<record><leader>00844nam a2200205 a 4500</leader><controlfield tag="008">980407s1968    enk           000 0 eng d</controlfield><datafield ind1=" " ind2=" " tag="040"><subfield code="a">TxDaGIAL</subfield><subfield code="c">TxDaGIAL</subfield></datafield><datafield ind1="1" ind2=" " tag="100"><subfield code="a">Callow, John,</subfield><subfield code="d">1933-</subfield></datafield><datafield ind1="1" ind2="2" tag="245"><subfield code="a">A hierarchical study of neutralization in Kasem /</subfield><subfield code="c">John C. Callow.</subfield></datafield><datafield ind1=" " ind2=" " tag="260"><subfield code="a">London ;</subfield><subfield code="a">New York :</subfield><subfield code="b">Published for the Linguistic Association of Great Britain by Cambridge University,</subfield><subfield code="c">1968.</subfield></datafield><datafield ind1=" " ind2=" " tag="300"><subfield code="a">p. 33-45 :</subfield><subfield code="b">ill. ;</subfield><subfield code="c">23 cm.</subfield></datafield><datafield ind1=" " ind2=" " tag="504"><subfield code="a">Bibliography: p. 45.</subfield></datafield><datafield ind1=" " ind2=" " tag="500"><subfield code="a">Offprint: Journal of linguistics 4:33-45, 1968.</subfield></datafield><datafield ind1=" " ind2="0" tag="650"><subfield code="a">Kasem language</subfield><subfield code="x">Verb phrase.</subfield></datafield><datafield ind1=" " ind2=" " tag="035"><subfield code="a">(TxDaGIAL)37741400000937</subfield></datafield><controlfield tag="005">20080624162343.0</controlfield><controlfield tag="001">10944</controlfield><controlfield tag="003">TxDaGIAL</controlfield><datafield ind1=" " ind2=" " tag="852"><subfield code="p">37741400000937</subfield><subfield code="a">Library</subfield><subfield code="9">$0.00</subfield><subfield code="x">COPYID:12818</subfield><subfield code="x">FSC@aVertFile@c19980407</subfield><subfield code="h">FILE</subfield></datafield><datafield ind1=" " ind2=" " tag="852"><subfield code="p">37741400000938</subfield><subfield code="a">Library</subfield><subfield code="9">$0.00</subfield><subfield code="x">COPYID:12819</subfield><subfield code="x">FSC@aVertFile@c19980407</subfield><subfield code="h">FILE</subfield></datafield></record>