
<record><leader>00831nam a2200205 a 4500</leader><controlfield tag="008">980407s1959    gw            000 0 eng d</controlfield><datafield ind1=" " ind2=" " tag="040"><subfield code="a">TxDaGIAL</subfield><subfield code="c">TxDaGIAL</subfield></datafield><datafield ind1="1" ind2=" " tag="100"><subfield code="a">Hoogshagen Noordsy, Searle.</subfield></datafield><datafield ind1="1" ind2="0" tag="245"><subfield code="a">Three contrastive vowel lengths in Mixe /</subfield><subfield code="c">Searle Hoogshagen.</subfield></datafield><datafield ind1=" " ind2=" " tag="260"><subfield code="a">[Berlin :</subfield><subfield code="b">Akademie-Verlag,</subfield><subfield code="c">1959.</subfield></datafield><datafield ind1=" " ind2=" " tag="300"><subfield code="a">p. [111]-115 :</subfield><subfield code="b">ill. ;</subfield><subfield code="c">24 cm.</subfield></datafield><datafield ind1=" " ind2=" " tag="504"><subfield code="a">Includes bibliographical references.</subfield></datafield><datafield ind1=" " ind2=" " tag="500"><subfield code="a">Offprint: Zeitschrift fur Phonetik und allgemeine Sprachwissenschaft Band 12 (Heft 1-4): 111-115, 1959.</subfield></datafield><datafield ind1=" " ind2="0" tag="650"><subfield code="a">Mixe language</subfield><subfield code="x">Phonetics.</subfield></datafield><datafield ind1=" " ind2="0" tag="650"><subfield code="a">Mixe language</subfield><subfield code="x">Vowels</subfield><subfield code="x">Duration [Linguistics].</subfield></datafield><datafield ind1=" " ind2=" " tag="035"><subfield code="a">(]TxDaGIAL)37741400000941</subfield></datafield><controlfield tag="005">20080624162344.0</controlfield><controlfield tag="001">10947</controlfield><controlfield tag="003">TxDaGIAL</controlfield><datafield ind1=" " ind2=" " tag="852"><subfield code="p">37741400000941</subfield><subfield code="a">Library</subfield><subfield code="9">$0.00</subfield><subfield code="x">COPYID:12822</subfield><subfield code="x">FSC@aVertFile@c19980407</subfield><subfield code="h">FILE</subfield><subfield code="z">Gift, E.V. Pike</subfield></datafield></record>