
<record><leader>00723nam a2200205 a 4500</leader><controlfield tag="008">980408s1967    enk           000 0 eng d</controlfield><datafield ind1=" " ind2=" " tag="040"><subfield code="a">TxDaGIAL</subfield><subfield code="c">TxDaGIAL</subfield></datafield><datafield ind1="1" ind2=" " tag="100"><subfield code="a">Bearth, Thomas.</subfield></datafield><datafield ind1="1" ind2="4" tag="245"><subfield code="a">The phonology of Dan (Santa) /</subfield><subfield code="c">Thomas Bearth and Hugo Zemp.</subfield></datafield><datafield ind1=" " ind2=" " tag="260"><subfield code="a">London :</subfield><subfield code="b">Macmillan,</subfield><subfield code="c">1967.</subfield></datafield><datafield ind1=" " ind2=" " tag="300"><subfield code="a">p. [9]-29 :</subfield><subfield code="b">ill. ;</subfield><subfield code="c">25 cm.</subfield></datafield><datafield ind1=" " ind2=" " tag="504"><subfield code="a">Includes bibliographical references.</subfield></datafield><datafield ind1=" " ind2=" " tag="500"><subfield code="a">Offprint: Journal of African linguistics 6(1):9-29, 1967.</subfield></datafield><datafield ind1=" " ind2="0" tag="650"><subfield code="a">Dan language</subfield><subfield code="x">Phonology.</subfield></datafield><datafield ind1="1" ind2="0" tag="700"><subfield code="a">Zemp, Hugo,</subfield><subfield code="e">joint author.</subfield></datafield><datafield ind1=" " ind2=" " tag="035"><subfield code="a">(TxDaGIAL)37741400000944</subfield></datafield><controlfield tag="005">20080624162344.0</controlfield><controlfield tag="001">10950</controlfield><controlfield tag="003">TxDaGIAL</controlfield><datafield ind1=" " ind2=" " tag="852"><subfield code="p">37741400000944</subfield><subfield code="a">Library</subfield><subfield code="9">$0.00</subfield><subfield code="x">COPYID:12825</subfield><subfield code="x">FSC@aVertFile@c19980408</subfield><subfield code="h">FILE</subfield></datafield></record>