
<record><leader>00926nam a2200229 a 4500</leader><controlfield tag="008">980408s1980    iv            000 0 eng d</controlfield><datafield ind1=" " ind2=" " tag="040"><subfield code="a">TxDaGIAL</subfield><subfield code="c">TxDaGIAL</subfield></datafield><datafield ind1="1" ind2=" " tag="100"><subfield code="a">Bearth, Thomas.</subfield></datafield><datafield ind1="1" ind2="4" tag="245"><subfield code="a">The tone puzzle of Wobe /</subfield><subfield code="c">Thomas Bearth and Christa Link.</subfield></datafield><datafield ind1=" " ind2=" " tag="260"><subfield code="a">[Los Angeles] :</subfield><subfield code="b">Dept. of Linguistics and the African Studies Center, University of California, Los Angeles,</subfield><subfield code="c">1980.</subfield></datafield><datafield ind1=" " ind2=" " tag="300"><subfield code="a">p. 147-207 :</subfield><subfield code="b">ill. ;</subfield><subfield code="c">22 cm.</subfield></datafield><datafield ind1=" " ind2=" " tag="504"><subfield code="a">Bibliography: p. 206-207.</subfield></datafield><datafield ind1=" " ind2=" " tag="500"><subfield code="a">Offprint: Studies in African linguistics 11(2):147-207, 1980.</subfield></datafield><datafield ind1=" " ind2="0" tag="650"><subfield code="a">Wobe language</subfield><subfield code="z">C&#244;te d'Ivoire</subfield><subfield code="x">Tone.</subfield></datafield><datafield ind1=" " ind2="0" tag="650"><subfield code="a">Kru languages.</subfield></datafield><datafield ind1="1" ind2="0" tag="700"><subfield code="a">Link, Christa.</subfield></datafield><datafield ind1=" " ind2=" " tag="035"><subfield code="a">(TxDaGIAL)37741400000945</subfield></datafield><controlfield tag="005">20080624162344.0</controlfield><controlfield tag="001">10951</controlfield><controlfield tag="003">TxDaGIAL</controlfield><datafield ind1=" " ind2=" " tag="852"><subfield code="p">37741400000945</subfield><subfield code="a">Library</subfield><subfield code="9">$0.00</subfield><subfield code="x">COPYID:12826</subfield><subfield code="x">FSC@aVertFile@c19980408</subfield><subfield code="h">FILE</subfield></datafield><datafield ind1=" " ind2=" " tag="852"><subfield code="p">37741400000946</subfield><subfield code="a">Library</subfield><subfield code="9">$0.00</subfield><subfield code="x">COPYID:12827</subfield><subfield code="x">FSC@aVertFile@c19980408</subfield><subfield code="h">FILE</subfield></datafield></record>