
<record><leader>00830nam a2200229 a 4500</leader><controlfield tag="008">980408s1978    iv            000 0 fre d</controlfield><datafield ind1=" " ind2=" " tag="040"><subfield code="a">TxDaGIAL</subfield><subfield code="c">TxDaGIAL</subfield></datafield><datafield ind1="1" ind2=" " tag="100"><subfield code="a">Bearth, Thomas.</subfield></datafield><datafield ind1="1" ind2="4" tag="245"><subfield code="a">Les tons du wob&#233; :</subfield><subfield code="b">&#233;tude functionelle /</subfield><subfield code="c">T. Bearth et C. Link.</subfield></datafield><datafield ind1=" " ind2=" " tag="260"><subfield code="a">Abidjan :</subfield><subfield code="b">Universit&#233; d'Abidjan,</subfield><subfield code="c">1978.</subfield></datafield><datafield ind1=" " ind2=" " tag="300"><subfield code="a">p. 21-57 :</subfield><subfield code="b">ill. ;</subfield><subfield code="c">24 cm.</subfield></datafield><datafield ind1=" " ind2=" " tag="504"><subfield code="a">Includes bibliographical references.</subfield></datafield><datafield ind1=" " ind2=" " tag="500"><subfield code="a">Offprint: Annales de l'Universit&#233; d'Abidjan, s&#233;rie H (Linguistique), t. 11:21-57, 1978.</subfield></datafield><datafield ind1=" " ind2=" " tag="546"><subfield code="a">In French.</subfield></datafield><datafield ind1=" " ind2="0" tag="650"><subfield code="a">Wobe language</subfield><subfield code="z">C&#244;te d'Ivoire</subfield><subfield code="x">Tone.</subfield></datafield><datafield ind1=" " ind2="0" tag="650"><subfield code="a">Kru languages.</subfield></datafield><datafield ind1="1" ind2="0" tag="700"><subfield code="a">Link, Christa.</subfield></datafield><datafield ind1=" " ind2=" " tag="035"><subfield code="a">(TxDaGIAL)37741400000947</subfield></datafield><controlfield tag="005">20080624162344.0</controlfield><controlfield tag="001">10952</controlfield><controlfield tag="003">TxDaGIAL</controlfield><datafield ind1=" " ind2=" " tag="852"><subfield code="p">37741400000947</subfield><subfield code="a">Library</subfield><subfield code="9">$0.00</subfield><subfield code="x">COPYID:12828</subfield><subfield code="x">FSC@aVertFile@c19980408</subfield><subfield code="h">FILE</subfield></datafield></record>