
<record><leader>00732nam a2200205 a 4500</leader><controlfield tag="008">980413s1969    sz            000 0 fre d</controlfield><datafield ind1=" " ind2=" " tag="040"><subfield code="a">TxDaGIAL</subfield><subfield code="c">TxDaGIAL</subfield></datafield><datafield ind1="1" ind2=" " tag="100"><subfield code="a">Bearth, Thomas.</subfield></datafield><datafield ind1="1" ind2="0" tag="245"><subfield code="a">Phrase et discours en Toura /</subfield><subfield code="c">Thomas Bearth.</subfield></datafield><datafield ind1=" " ind2=" " tag="260"><subfield code="a">Gen&#232;ve :</subfield><subfield code="b">La Soci&#233;t&#233; gen&#232;voise de linguistique,</subfield><subfield code="c">1969.</subfield></datafield><datafield ind1=" " ind2=" " tag="300"><subfield code="a">p. [29]-45 :</subfield><subfield code="b">ill. ;</subfield><subfield code="c">24 cm.</subfield></datafield><datafield ind1=" " ind2=" " tag="504"><subfield code="a">Includes bibliographical references.</subfield></datafield><datafield ind1=" " ind2=" " tag="500"><subfield code="a">Offprint: Cahiers Ferdinand de Saussure 25:29-45, 1969.</subfield></datafield><datafield ind1=" " ind2=" " tag="546"><subfield code="a">In French.</subfield></datafield><datafield ind1=" " ind2="0" tag="650"><subfield code="a">Tura language</subfield><subfield code="x">Discourse analysis.</subfield></datafield><datafield ind1=" " ind2=" " tag="035"><subfield code="a">(TxDaGIAL)37741400000948</subfield></datafield><controlfield tag="005">20080624162344.0</controlfield><controlfield tag="001">10953</controlfield><controlfield tag="003">TxDaGIAL</controlfield><datafield ind1=" " ind2=" " tag="852"><subfield code="p">37741400000948</subfield><subfield code="a">Library</subfield><subfield code="9">$0.00</subfield><subfield code="x">COPYID:12829</subfield><subfield code="x">FSC@aVertFile@c19980413</subfield><subfield code="h">FILE</subfield></datafield></record>