
<record><leader>00895nam a2200205 a 4500</leader><controlfield tag="008">980413s1983    enk           000 0 eng d</controlfield><datafield ind1=" " ind2=" " tag="040"><subfield code="a">TxDaGIAL</subfield><subfield code="c">TxDaGIAL</subfield></datafield><datafield ind1="1" ind2=" " tag="100"><subfield code="a">Beavon, Keith.</subfield></datafield><datafield ind1="1" ind2="0" tag="245"><subfield code="a">Expressions of location in Koozime /</subfield><subfield code="c">Keith H. Beavon.</subfield></datafield><datafield ind1=" " ind2=" " tag="260"><subfield code="a">[London] :</subfield><subfield code="b">Published by the Cambridge University Press in association with the Institute of African Studies, University of Ibadan,</subfield><subfield code="c">1983.</subfield></datafield><datafield ind1=" " ind2=" " tag="300"><subfield code="a">p. 33-51 :</subfield><subfield code="b">ill. ;</subfield><subfield code="c">25 cm.</subfield></datafield><datafield ind1=" " ind2=" " tag="504"><subfield code="a">Includes bibliographical references.</subfield></datafield><datafield ind1=" " ind2=" " tag="500"><subfield code="a">Offprint: Journal of West African languages 13(2):33-51, 1983.</subfield></datafield><datafield ind1=" " ind2="0" tag="650"><subfield code="a">Nzima language</subfield><subfield code="x">Locative constructions.</subfield></datafield><datafield ind1=" " ind2=" " tag="035"><subfield code="a">(TxDaGIAL)37741400000951</subfield></datafield><controlfield tag="005">20080624162344.0</controlfield><controlfield tag="001">10954</controlfield><controlfield tag="003">TxDaGIAL</controlfield><datafield ind1=" " ind2=" " tag="852"><subfield code="p">37741400000951</subfield><subfield code="a">Library</subfield><subfield code="9">$0.00</subfield><subfield code="x">COPYID:12830</subfield><subfield code="x">FSC@aVertFile@c19980413</subfield><subfield code="h">FILE</subfield></datafield><datafield ind1=" " ind2=" " tag="852"><subfield code="p">37741400000952</subfield><subfield code="a">Library</subfield><subfield code="9">$0.00</subfield><subfield code="x">COPYID:12831</subfield><subfield code="x">FSC@aVertFile@c19980413</subfield><subfield code="h">FILE</subfield></datafield></record>