
<record><leader>00727nam a2200193 a 4500</leader><controlfield tag="008">980414s1997    at            000 0 eng d</controlfield><datafield ind1=" " ind2=" " tag="040"><subfield code="a">TxDaGIAL</subfield><subfield code="c">TxDaGIAL</subfield></datafield><datafield ind1="1" ind2=" " tag="100"><subfield code="a">Franklin, Karl J.</subfield><subfield code="q">(Karl James)</subfield></datafield><datafield ind1="1" ind2="0" tag="245"><subfield code="a">Engan pronouns and their old endings /</subfield><subfield code="c">Karl J. Franklin.</subfield></datafield><datafield ind1=" " ind2=" " tag="260"><subfield code="a">St. Lucia, Queensland :</subfield><subfield code="b">Australian Linguistics Society,</subfield><subfield code="c">1997.</subfield></datafield><datafield ind1=" " ind2=" " tag="300"><subfield code="a">p. 185-217 :</subfield><subfield code="b">map, ill. ;</subfield><subfield code="c">23 cm.</subfield></datafield><datafield ind1=" " ind2=" " tag="504"><subfield code="a">Bibliography: p. 213-217.</subfield></datafield><datafield ind1=" " ind2=" " tag="500"><subfield code="a">Offprint: Australian journal of linguistics 17:185-216, 1997.</subfield></datafield><datafield ind1=" " ind2="0" tag="650"><subfield code="a">Enga language</subfield><subfield code="x">Pronoun.</subfield></datafield><datafield ind1=" " ind2=" " tag="035"><subfield code="a">(TxDaGIAL)37741400000961</subfield></datafield><controlfield tag="005">20080624162345.0</controlfield><controlfield tag="001">10963</controlfield><controlfield tag="003">TxDaGIAL</controlfield><datafield ind1=" " ind2=" " tag="852"><subfield code="p">37741400000961</subfield><subfield code="a">Library</subfield><subfield code="9">$0.00</subfield><subfield code="x">COPYID:12840</subfield><subfield code="x">FSC@aVertFile@c19980414</subfield><subfield code="h">FILE</subfield></datafield></record>