
<record><leader>00868nam a2200205 a 4500</leader><controlfield tag="008">980414s1953    enk           000 0 eng d</controlfield><datafield ind1=" " ind2=" " tag="040"><subfield code="a">TxDaGIAL</subfield><subfield code="c">TxDaGIAL</subfield></datafield><datafield ind1="1" ind2=" " tag="100"><subfield code="a">Robins, R. H.</subfield><subfield code="q">(Robert Henry)</subfield></datafield><datafield ind1="1" ind2="4" tag="245"><subfield code="a">The phonology of the nasalized verbal forms in Sundanese /</subfield><subfield code="c">By R.H. Robins.</subfield></datafield><datafield ind1=" " ind2=" " tag="260"><subfield code="a">London :</subfield><subfield code="b">The School of Oriental and African Studies, University of London,</subfield><subfield code="c">1953.</subfield></datafield><datafield ind1=" " ind2=" " tag="300"><subfield code="a">p. [138]-145 :</subfield><subfield code="b">ill. ;</subfield><subfield code="c">25 cm.</subfield></datafield><datafield ind1=" " ind2=" " tag="504"><subfield code="a">Includes bibliographical references.</subfield></datafield><datafield ind1=" " ind2=" " tag="500"><subfield code="a">Offprint: BSOAS 15(1):138-145, 1953.</subfield></datafield><datafield ind1=" " ind2="0" tag="650"><subfield code="a">Sundanese language</subfield><subfield code="x">Phonology.</subfield></datafield><datafield ind1=" " ind2=" " tag="035"><subfield code="a">(TxDaGIAL)37741400000962</subfield></datafield><controlfield tag="005">20080624162345.0</controlfield><controlfield tag="001">10964</controlfield><controlfield tag="003">TxDaGIAL</controlfield><datafield ind1=" " ind2=" " tag="852"><subfield code="p">37741400000962</subfield><subfield code="a">Library</subfield><subfield code="9">$0.00</subfield><subfield code="x">COPYID:12841</subfield><subfield code="x">FSC@aVertFile@c19980414</subfield><subfield code="h">FILE</subfield><subfield code="z">Gift, S.C. Gudschinsky</subfield></datafield><datafield ind1=" " ind2=" " tag="852"><subfield code="p">37741400000963</subfield><subfield code="a">Library</subfield><subfield code="9">$0.00</subfield><subfield code="x">COPYID:12842</subfield><subfield code="x">FSC@aVertFile@c19980414</subfield><subfield code="h">FILE</subfield></datafield></record>