
<record><leader>00983nam a2200229 a 4500</leader><controlfield tag="008">980415s1974    at            000 0 eng d</controlfield><datafield ind1=" " ind2=" " tag="040"><subfield code="a">TxDaGIAL</subfield><subfield code="c">TxDaGIAL</subfield></datafield><datafield ind1="1" ind2=" " tag="100"><subfield code="a">Kilham, Christine A.</subfield></datafield><datafield ind1="1" ind2="0" tag="245"><subfield code="a">Compound words and close-knit phrases in Wik-Munkan /</subfield><subfield code="c">Christine Kilham.</subfield></datafield><datafield ind1=" " ind2=" " tag="260"><subfield code="a">Canberra, A.C.T. :</subfield><subfield code="b">Department of Linguistics, School of Pacific Studies, The Australian National University,</subfield><subfield code="c">1974.</subfield></datafield><datafield ind1=" " ind2=" " tag="300"><subfield code="a">p. 45-73 ;</subfield><subfield code="c">28 cm.</subfield></datafield><datafield ind1=" " ind2="0" tag="440"><subfield code="a">Papers in Australian linguistics ;</subfield><subfield code="v">7</subfield></datafield><datafield ind1=" " ind2=" " tag="504"><subfield code="a">Bibliography: p. 73.</subfield></datafield><datafield ind1=" " ind2=" " tag="500"><subfield code="a">Offprint: Christine Kilham, Papers in Australian linguistics no. 7: 45-73, 1974.</subfield></datafield><datafield ind1=" " ind2="0" tag="650"><subfield code="a">Wik-Munkan language</subfield><subfield code="x">Morphology.</subfield></datafield><datafield ind1=" " ind2="0" tag="650"><subfield code="a">Wik-Munkan language</subfield><subfield code="x">Syntax.</subfield></datafield><datafield ind1=" " ind2=" " tag="035"><subfield code="a">(TxDaGIAL)37741400000966</subfield></datafield><controlfield tag="005">20080624162345.0</controlfield><controlfield tag="001">10967</controlfield><controlfield tag="003">TxDaGIAL</controlfield><datafield ind1=" " ind2=" " tag="852"><subfield code="p">37741400000966</subfield><subfield code="a">Library</subfield><subfield code="9">$0.00</subfield><subfield code="x">COPYID:12845</subfield><subfield code="x">FSC@aVertFile@c19980415</subfield><subfield code="h">FILE</subfield></datafield><datafield ind1=" " ind2=" " tag="852"><subfield code="p">37741400000967</subfield><subfield code="a">Library</subfield><subfield code="9">$0.00</subfield><subfield code="x">COPYID:12846</subfield><subfield code="x">FSC@aVertFile@c19990310</subfield><subfield code="h">FILE</subfield></datafield></record>