
<record><leader>00932nam a2200241 a 4500</leader><controlfield tag="008">980416s1968    xx            000 0 eng d</controlfield><datafield ind1=" " ind2=" " tag="040"><subfield code="a">TxDaGIAL</subfield><subfield code="c">TxDaGIAL</subfield></datafield><datafield ind1="1" ind2=" " tag="100"><subfield code="a">Barnard, Myra Lou.</subfield></datafield><datafield ind1="1" ind2="0" tag="245"><subfield code="a">Grammar and lexicon in Dibabawon narrative :</subfield><subfield code="b">procedure discourse /</subfield><subfield code="c">Myra L. Barnard and Robert E. Longacre.</subfield></datafield><datafield ind1=" " ind2=" " tag="260"><subfield code="c">1968.</subfield></datafield><datafield ind1=" " ind2=" " tag="300"><subfield code="a">55 p. :</subfield><subfield code="b">ill. ;</subfield><subfield code="c">28 cm.</subfield></datafield><datafield ind1=" " ind2=" " tag="504"><subfield code="a">Includes bibliographical references.</subfield></datafield><datafield ind1=" " ind2=" " tag="500"><subfield code="a">On title page: "Dibabawon of Davao del Norte, Mindanao, Philippines"</subfield></datafield><datafield ind1=" " ind2=" " tag="500"><subfield code="a">Typescript.</subfield></datafield><datafield ind1=" " ind2="0" tag="650"><subfield code="a">Dibabawon language</subfield><subfield code="x">Discourse analysis.</subfield></datafield><datafield ind1=" " ind2="0" tag="650"><subfield code="a">Dibabawon language</subfield><subfield code="x">Grammar.</subfield></datafield><datafield ind1="1" ind2="0" tag="700"><subfield code="a">Longacre, Robert E.</subfield></datafield><datafield ind1=" " ind2=" " tag="035"><subfield code="a">(TxDaGIAL)37741400000972</subfield></datafield><controlfield tag="005">20080624162346.0</controlfield><controlfield tag="001">10970</controlfield><controlfield tag="003">TxDaGIAL</controlfield><datafield ind1=" " ind2=" " tag="852"><subfield code="p">37741400000972</subfield><subfield code="a">Library</subfield><subfield code="9">$0.00</subfield><subfield code="x">COPYID:12850</subfield><subfield code="x">FSC@aVertFile@c19980416</subfield><subfield code="h">FILE</subfield></datafield><datafield ind1=" " ind2=" " tag="852"><subfield code="p">37741400000973</subfield><subfield code="a">Library</subfield><subfield code="9">$0.00</subfield><subfield code="x">COPYID:12851</subfield><subfield code="x">FSC@aVertFile@c19980416</subfield><subfield code="h">FILE</subfield></datafield></record>