
<record><leader>00832nam a2200217 a 4500</leader><controlfield tag="008">980423s1978    inu           000 0 eng d</controlfield><datafield ind1=" " ind2=" " tag="040"><subfield code="a">TxDaGIAL</subfield><subfield code="c">TxDaGIAL</subfield></datafield><datafield ind1="1" ind2=" " tag="100"><subfield code="a">Babby, Leonard Harvey.</subfield></datafield><datafield ind1="1" ind2="0" tag="245"><subfield code="a">Negation and subject case selection in existential sentences :</subfield><subfield code="b">evidence from Russian /</subfield><subfield code="c">by Leonard H. Babby.</subfield></datafield><datafield ind1=" " ind2=" " tag="260"><subfield code="a">Bloomington, Ind. :</subfield><subfield code="b">Indiana University Linguistics Club,</subfield><subfield code="c">1978.</subfield></datafield><datafield ind1=" " ind2=" " tag="300"><subfield code="a">46 p. :</subfield><subfield code="b">ill. ;</subfield><subfield code="c">28 cm.</subfield></datafield><datafield ind1=" " ind2=" " tag="504"><subfield code="a">Bibliography: p. 42-46.</subfield></datafield><datafield ind1=" " ind2="0" tag="650"><subfield code="a">Russian language</subfield><subfield code="x">Esistential constructions.</subfield></datafield><datafield ind1=" " ind2="0" tag="650"><subfield code="a">Russian language</subfield><subfield code="x">Negatives.</subfield></datafield><datafield ind1=" " ind2="0" tag="650"><subfield code="a">Russian language</subfield><subfield code="x">Case.</subfield></datafield><datafield ind1=" " ind2="0" tag="650"><subfield code="a">Russian language</subfield><subfield code="x">Semantics.</subfield></datafield><datafield ind1=" " ind2=" " tag="035"><subfield code="a">(TxDaGIAL)37741400000999</subfield></datafield><controlfield tag="005">20080624162347.0</controlfield><controlfield tag="001">10988</controlfield><controlfield tag="003">TxDaGIAL</controlfield><datafield ind1=" " ind2=" " tag="852"><subfield code="p">37741400000999</subfield><subfield code="a">Library</subfield><subfield code="9">$0.00</subfield><subfield code="x">COPYID:12871</subfield><subfield code="x">FSC@aVertFile@c19980424</subfield><subfield code="h">FILE</subfield></datafield></record>