
<record><leader>00755nam a2200205 a 4500</leader><controlfield tag="008">980428s1974    ne            000 0 eng d</controlfield><datafield ind1=" " ind2=" " tag="040"><subfield code="a">TxDaGIAL</subfield><subfield code="c">TxDaGIAL</subfield></datafield><datafield ind1="1" ind2=" " tag="100"><subfield code="a">Ballard, D. Lee.</subfield></datafield><datafield ind1="1" ind2="4" tag="245"><subfield code="a">The semantics of Inibaloi verbal affixes /</subfield><subfield code="c">D. Lee Ballard, Jr.</subfield></datafield><datafield ind1=" " ind2=" " tag="260"><subfield code="a">Amsterdam ;</subfield><subfield code="a">New York :</subfield><subfield code="b">North-Holland,</subfield><subfield code="c">1974.</subfield></datafield><datafield ind1=" " ind2=" " tag="300"><subfield code="a">p. [181]-218 ;</subfield><subfield code="c">24 cm.</subfield></datafield><datafield ind1=" " ind2=" " tag="504"><subfield code="a">Bibliography: p. 218.</subfield></datafield><datafield ind1=" " ind2=" " tag="500"><subfield code="a">Offprint: Lingua 34:181-218, 1974.</subfield></datafield><datafield ind1=" " ind2="0" tag="650"><subfield code="a">Ibaloi language</subfield><subfield code="x">Semantics.</subfield></datafield><datafield ind1=" " ind2=" " tag="035"><subfield code="a">(TxDaGIAL)37741400001020</subfield></datafield><controlfield tag="005">20080624162349.0</controlfield><controlfield tag="001">11004</controlfield><controlfield tag="003">TxDaGIAL</controlfield><datafield ind1=" " ind2=" " tag="852"><subfield code="p">37741400001020</subfield><subfield code="a">Library</subfield><subfield code="9">$0.00</subfield><subfield code="x">COPYID:12892</subfield><subfield code="x">FSC@aVertFile@c19980428</subfield><subfield code="h">FILE</subfield></datafield><datafield ind1=" " ind2=" " tag="852"><subfield code="p">37741400001021</subfield><subfield code="a">Library</subfield><subfield code="9">$0.00</subfield><subfield code="x">COPYID:12893</subfield><subfield code="x">FSC@aVertFile@c19980428</subfield><subfield code="h">FILE</subfield></datafield></record>