
<record><leader>00745nam a2200217 a 4500</leader><controlfield tag="008">980428s1972    xx            000 0 eng d</controlfield><datafield ind1=" " ind2=" " tag="040"><subfield code="a">TxDaGIAL</subfield><subfield code="c">TxDaGIAL</subfield></datafield><datafield ind1="1" ind2=" " tag="100"><subfield code="a">Ballard, W. L.</subfield></datafield><datafield ind1="1" ind2="0" tag="245"><subfield code="a">Some Wenzhou tone sandhi /</subfield><subfield code="c">W.L. Ballard.</subfield></datafield><datafield ind1=" " ind2=" " tag="260"><subfield code="c">1972.</subfield></datafield><datafield ind1=" " ind2=" " tag="300"><subfield code="a">22 p. :</subfield><subfield code="b">ill. ;</subfield><subfield code="c">28 cm.</subfield></datafield><datafield ind1=" " ind2=" " tag="504"><subfield code="a">Bibliography: p. 22.</subfield></datafield><datafield ind1=" " ind2=" " tag="500"><subfield code="a">Typescript.</subfield></datafield><datafield ind1=" " ind2=" " tag="500"><subfield code="a">Paper presented at the Fifth Meeting on Sino-Tibetan Reconstruction, University of Michigan, October 1972.</subfield></datafield><datafield ind1=" " ind2="0" tag="650"><subfield code="a">Chinese language</subfield><subfield code="x">Phonology.</subfield></datafield><datafield ind1=" " ind2="0" tag="650"><subfield code="a">Chinese language</subfield><subfield code="x">Intonation.</subfield></datafield><datafield ind1=" " ind2=" " tag="035"><subfield code="a">(TxDaGIAL)37741400001022</subfield></datafield><controlfield tag="005">20080624162349.0</controlfield><controlfield tag="001">11005</controlfield><controlfield tag="003">TxDaGIAL</controlfield><datafield ind1=" " ind2=" " tag="852"><subfield code="p">37741400001022</subfield><subfield code="a">Library</subfield><subfield code="9">$0.00</subfield><subfield code="x">COPYID:12894</subfield><subfield code="x">FSC@aVertFile@c19980428</subfield><subfield code="h">FILE</subfield></datafield></record>