
<record><leader>00727nam a2200217 a 4500</leader><controlfield tag="008">980429s1968    ne            000 0 eng d</controlfield><datafield ind1=" " ind2=" " tag="040"><subfield code="a">TxDaGIAL</subfield><subfield code="c">TxDaGIAL</subfield></datafield><datafield ind1="1" ind2=" " tag="100"><subfield code="a">Baptista, Priscilla.</subfield></datafield><datafield ind1="1" ind2="0" tag="245"><subfield code="a">Baure vowel elision /</subfield><subfield code="c">Priscilla Baptista and Ruth Wallin.</subfield></datafield><datafield ind1=" " ind2=" " tag="260"><subfield code="a">The Hague :</subfield><subfield code="b">Mouton,</subfield><subfield code="c">1968.</subfield></datafield><datafield ind1=" " ind2=" " tag="300"><subfield code="a">p. [5]-11 ;</subfield><subfield code="c">24 cm.</subfield></datafield><datafield ind1=" " ind2=" " tag="504"><subfield code="a">Includes bibliographical references.</subfield></datafield><datafield ind1=" " ind2=" " tag="500"><subfield code="a">Offprint: Linguistics 38:5-11, 1968.</subfield></datafield><datafield ind1=" " ind2="0" tag="650"><subfield code="a">Baur&#233; language</subfield><subfield code="x">Phonology.</subfield></datafield><datafield ind1=" " ind2="0" tag="650"><subfield code="a">Baur&#233; language</subfield><subfield code="x">Vowel.</subfield></datafield><datafield ind1="1" ind2="0" tag="700"><subfield code="a">Wallin, Ruth.</subfield></datafield><datafield ind1=" " ind2=" " tag="035"><subfield code="a">(TxDaGIAL)37741400001026</subfield></datafield><controlfield tag="005">20080624162349.0</controlfield><controlfield tag="001">11009</controlfield><controlfield tag="003">TxDaGIAL</controlfield><datafield ind1=" " ind2=" " tag="852"><subfield code="p">37741400001026</subfield><subfield code="a">Library</subfield><subfield code="9">$0.00</subfield><subfield code="x">COPYID:12898</subfield><subfield code="x">FSC@aVertFile@c19980429</subfield><subfield code="h">FILE</subfield></datafield></record>