
<record><leader>00699nam a2200193 a 4500</leader><controlfield tag="008">980513s1966    xx            000 0 eng d</controlfield><datafield ind1=" " ind2=" " tag="040"><subfield code="a">TxDaGIAL</subfield><subfield code="c">TxDaGIAL</subfield></datafield><datafield ind1="1" ind2=" " tag="100"><subfield code="a">Barker, Milton E.</subfield></datafield><datafield ind1="1" ind2="0" tag="245"><subfield code="a">Vietnamese-Muong tone correspondences /</subfield><subfield code="c">Milton E. Barker.</subfield></datafield><datafield ind1=" " ind2=" " tag="260"><subfield code="c">1966.</subfield></datafield><datafield ind1=" " ind2=" " tag="300"><subfield code="a">24 p. ;</subfield><subfield code="c">28 cm.</subfield></datafield><datafield ind1=" " ind2=" " tag="500"><subfield code="a">Typescript: to appear in Zide, Norman H., [ed.], Studies in comparative Austroasiatic linguistics, 1966.</subfield></datafield><datafield ind1=" " ind2="0" tag="650"><subfield code="a">Vietnamese language</subfield><subfield code="x">Tone</subfield><subfield code="x">Hmong.</subfield></datafield><datafield ind1=" " ind2="0" tag="650"><subfield code="a">Hmong language</subfield><subfield code="x">Tone</subfield><subfield code="x">Vietnamese.</subfield></datafield><datafield ind1=" " ind2=" " tag="035"><subfield code="a">(TxDaGIAL)37741400001041</subfield></datafield><controlfield tag="005">20080624162353.0</controlfield><controlfield tag="001">11024</controlfield><controlfield tag="003">TxDaGIAL</controlfield><datafield ind1=" " ind2=" " tag="852"><subfield code="p">37741400001041</subfield><subfield code="a">Library</subfield><subfield code="9">$0.00</subfield><subfield code="x">COPYID:12913</subfield><subfield code="x">FSC@aVertFile@c19980513</subfield><subfield code="h">FILE</subfield></datafield></record>