
<record><leader>00762nam a2200205 a 4500</leader><controlfield tag="008">980513s1975    ph            000 0 eng d</controlfield><datafield ind1=" " ind2=" " tag="040"><subfield code="a">TxDaGIAL</subfield><subfield code="c">TxDaGIAL</subfield></datafield><datafield ind1="1" ind2=" " tag="100"><subfield code="a">Barlaan, Rodolfo Rosario.</subfield></datafield><datafield ind1="1" ind2="0" tag="245"><subfield code="a">Isneg verbal clauses, stem classes, and affixes /</subfield><subfield code="c">Rodolfo R. Barlaan.</subfield></datafield><datafield ind1=" " ind2=" " tag="260"><subfield code="a">[Manila] :</subfield><subfield code="b">Linguistic Society of the Philippines,</subfield><subfield code="c">1975.</subfield></datafield><datafield ind1=" " ind2=" " tag="300"><subfield code="a">p. [90]-127 :</subfield><subfield code="b">ill. ;</subfield><subfield code="c">25 cm.</subfield></datafield><datafield ind1=" " ind2=" " tag="504"><subfield code="a">Bibliography: p. 127.</subfield></datafield><datafield ind1=" " ind2=" " tag="500"><subfield code="a">Offprint: Philippine journal of linguistics 6:90-127, 1975.</subfield></datafield><datafield ind1=" " ind2="0" tag="650"><subfield code="a">Isneg language</subfield><subfield code="x">Morphology.</subfield></datafield><datafield ind1=" " ind2="0" tag="650"><subfield code="a">Isneg language</subfield><subfield code="x">Syntax.</subfield></datafield><datafield ind1=" " ind2=" " tag="035"><subfield code="a">(TxDaGIAL)37741400001045</subfield></datafield><controlfield tag="005">20080624162353.0</controlfield><controlfield tag="001">11027</controlfield><controlfield tag="003">TxDaGIAL</controlfield><datafield ind1=" " ind2=" " tag="852"><subfield code="p">37741400001045</subfield><subfield code="a">Library</subfield><subfield code="9">$0.00</subfield><subfield code="x">COPYID:12917</subfield><subfield code="x">FSC@aVertFile@c19980513</subfield><subfield code="h">FILE</subfield></datafield></record>