
<record><leader>00996pam a2200277 a 4500</leader><controlfield tag="008">960930s1997    hiua     b   s001 0 eng  </controlfield><datafield ind1=" " ind2=" " tag="010"><subfield code="a">   96044397</subfield></datafield><datafield ind1=" " ind2=" " tag="020"><subfield code="a">0824818423 (cloth : alk. paper)</subfield></datafield><datafield ind1=" " ind2=" " tag="020"><subfield code="a">082481892X (pbk. : alk. paper)</subfield></datafield><datafield ind1=" " ind2=" " tag="035"><subfield code="a">(CU-UC)11025983</subfield></datafield><datafield ind1=" " ind2=" " tag="040"><subfield code="a">DLC</subfield><subfield code="c">DLC</subfield><subfield code="d">DLC</subfield></datafield><datafield ind1=" " ind2=" " tag="043"><subfield code="a">ae-----</subfield></datafield><datafield ind1="0" ind2="0" tag="050"><subfield code="a">PL1171</subfield><subfield code="b">.H34 1997</subfield></datafield><datafield ind1="0" ind2="0" tag="082"><subfield code="a">495</subfield><subfield code="2">21</subfield></datafield><datafield ind1="1" ind2=" " tag="100"><subfield code="a">Hannas, Wm. C.,</subfield><subfield code="d">1946-</subfield></datafield><datafield ind1="1" ind2="0" tag="245"><subfield code="a">Asia's orthographic dilemma /</subfield><subfield code="c">Wm. C. Hannas ; with a foreword by John DeFrancis.</subfield></datafield><datafield ind1=" " ind2=" " tag="260"><subfield code="a">Honolulu :</subfield><subfield code="b">University of Hawai&#703;i Press,</subfield><subfield code="c">c1997.</subfield></datafield><datafield ind1=" " ind2=" " tag="300"><subfield code="a">xi, 338 p. :</subfield><subfield code="b">ill. ;</subfield><subfield code="c">24 cm.</subfield></datafield><datafield ind1=" " ind2=" " tag="504"><subfield code="a">Includes bibliographical references (p. 317-329) and index.</subfield></datafield><datafield ind1=" " ind2="0" tag="650"><subfield code="a">Chinese characters</subfield><subfield code="z">East Asia.</subfield></datafield><datafield ind1=" " ind2="0" tag="650"><subfield code="a">Chinese language</subfield><subfield code="x">Writing.</subfield></datafield><datafield ind1=" " ind2=" " tag="035"><subfield code="a">(TxDaGIAL)37741100023013</subfield></datafield><controlfield tag="005">20080624162355.0</controlfield><controlfield tag="001">11039</controlfield><controlfield tag="003">TxDaGIAL</controlfield><datafield ind1=" " ind2=" " tag="852"><subfield code="p">37741100023013</subfield><subfield code="a">Library</subfield><subfield code="9">$18.55</subfield><subfield code="x">FUND:LD-Lite</subfield><subfield code="x">COPYID:12930</subfield><subfield code="x">FSC@aRegular@c19990331</subfield><subfield code="h">495 H243a 1997</subfield><subfield code="z">B/T 12-98</subfield></datafield></record>