
<record><leader>01160cam a2200325 a 4500</leader><controlfield tag="008">960917s1997    enkb     b    001 0 eng  </controlfield><datafield ind1=" " ind2=" " tag="010"><subfield code="a">   96043952</subfield></datafield><datafield ind1=" " ind2=" " tag="020"><subfield code="a">0415129826 (hbk.)</subfield></datafield><datafield ind1=" " ind2=" " tag="020"><subfield code="a">0415129834 (pbk.)</subfield></datafield><datafield ind1=" " ind2=" " tag="035"><subfield code="a">(Sirsi) o35627660</subfield></datafield><datafield ind1=" " ind2=" " tag="035"><subfield code="a">(OCoLC)ocm35627660</subfield></datafield><datafield ind1=" " ind2=" " tag="040"><subfield code="a">DLC</subfield><subfield code="c">DLC</subfield><subfield code="d">TxDaGIAL</subfield></datafield><datafield ind1=" " ind2=" " tag="049"><subfield code="a">EMUU</subfield></datafield><datafield ind1="0" ind2="0" tag="050"><subfield code="a">PC4074.75</subfield><subfield code="b">.M38 1997</subfield></datafield><datafield ind1="0" ind2="0" tag="082"><subfield code="a">306.4/4/0943</subfield><subfield code="2">20</subfield></datafield><datafield ind1="0" ind2="4" tag="082"><subfield code="a">306.4/4/0946</subfield><subfield code="2">21</subfield></datafield><datafield ind1="1" ind2=" " tag="100"><subfield code="a">Mar-Molinero, Clare,</subfield><subfield code="d">1948-</subfield></datafield><datafield ind1="1" ind2="4" tag="245"><subfield code="a">The Spanish-speaking world :</subfield><subfield code="b">a practical introduction to sociolinguistic issues /</subfield><subfield code="c">Clare Mar-Molinero.</subfield></datafield><datafield ind1=" " ind2=" " tag="260"><subfield code="a">London ;</subfield><subfield code="a">New York :</subfield><subfield code="b">Routledge,</subfield><subfield code="c">1997.</subfield></datafield><datafield ind1=" " ind2=" " tag="300"><subfield code="a">xvi, 182 p. :</subfield><subfield code="b">maps ;</subfield><subfield code="c">26 cm.</subfield></datafield><datafield ind1=" " ind2="0" tag="440"><subfield code="a">Routledge language in society</subfield></datafield><datafield ind1=" " ind2=" " tag="504"><subfield code="a">Includes bibliographical references (p. 173-177) and index.</subfield></datafield><datafield ind1=" " ind2="0" tag="650"><subfield code="a">Sociolinguistics</subfield><subfield code="z">Spain.</subfield></datafield><datafield ind1=" " ind2="0" tag="650"><subfield code="a">Spanish language</subfield><subfield code="x">Social aspects.</subfield></datafield><datafield ind1=" " ind2="0" tag="650"><subfield code="a">Sociolinguistics.</subfield></datafield><datafield ind1=" " ind2=" " tag="035"><subfield code="a">(TxDaGIAL)37741100023166</subfield></datafield><controlfield tag="005">20080624162429.0</controlfield><controlfield tag="001">11156</controlfield><controlfield tag="003">TxDaGIAL</controlfield><datafield ind1=" " ind2=" " tag="852"><subfield code="p">37741100023166</subfield><subfield code="a">Library</subfield><subfield code="9">$16.89</subfield><subfield code="x">FUND:LD-Socio</subfield><subfield code="x">COPYID:13056</subfield><subfield code="x">FSC@aRegular@c19990512</subfield><subfield code="h">306.440946 M336s 1997</subfield><subfield code="z">B/T 12-98</subfield></datafield></record>