
<record><leader>01560nam a2200361 a 4500</leader><controlfield tag="008">981012s1998    txu      b    000 0 eng c</controlfield><datafield ind1=" " ind2=" " tag="010"><subfield code="a">   97061945</subfield></datafield><datafield ind1=" " ind2=" " tag="020"><subfield code="a">1556710216</subfield></datafield><datafield ind1=" " ind2=" " tag="035"><subfield code="a">(CU-UC)11845629</subfield></datafield><datafield ind1=" " ind2=" " tag="040"><subfield code="a">TJC</subfield><subfield code="c">TJC</subfield><subfield code="d">CUZ</subfield><subfield code="d">TxDaGIAL</subfield></datafield><datafield ind1=" " ind2=" " tag="042"><subfield code="a">pcc</subfield></datafield><datafield ind1=" " ind2="4" tag="050"><subfield code="a">PL4379</subfield><subfield code="b">.D354 1998</subfield></datafield><datafield ind1="0" ind2="4" tag="082"><subfield code="a">495.9/22</subfield><subfield code="2">21</subfield></datafield><datafield ind1=" " ind2=" " tag="094"><subfield code="a">vie00</subfield><subfield code="2">ROPAL</subfield></datafield><datafield ind1="1" ind2=" " tag="100"><subfield code="a">Daley, Karen Ann.</subfield></datafield><datafield ind1="1" ind2="0" tag="245"><subfield code="a">Vietnamese classifiers in narrative texts /</subfield><subfield code="c">Karen Ann Daley.</subfield></datafield><datafield ind1=" " ind2=" " tag="260"><subfield code="a">[Dallas] :</subfield><subfield code="b">Summer Institute of Linguistics ;</subfield><subfield code="a">[Arlington] :</subfield><subfield code="b">University of Texas at Arlington,</subfield><subfield code="c">1998.</subfield></datafield><datafield ind1=" " ind2=" " tag="300"><subfield code="a">xii, 209 p. ;</subfield><subfield code="c">23 cm.</subfield></datafield><datafield ind1=" " ind2="0" tag="440"><subfield code="a">Summer Institute of Linguistics and the University of Texas at Arlington publications in linguistics ;</subfield><subfield code="v">publication 125.,</subfield><subfield code="x">1040-0850</subfield></datafield><datafield ind1=" " ind2=" " tag="500"><subfield code="a">Based on the author's thesis (M.A.)--University of Texas at Arlington, 1996.</subfield></datafield><datafield ind1=" " ind2=" " tag="504"><subfield code="a">Includes bibliographical references (p. 203-209).</subfield></datafield><datafield ind1=" " ind2=" " tag="546"><subfield code="a">English.</subfield></datafield><datafield ind1=" " ind2="0" tag="650"><subfield code="a">Vietnamese language</subfield><subfield code="x">Classifiers.</subfield></datafield><datafield ind1=" " ind2="0" tag="650"><subfield code="a">Vietnamese language</subfield><subfield code="x">Discourse analysis.</subfield></datafield><datafield ind1=" " ind2="0" tag="650"><subfield code="a">Discourse analysis, Narrative.</subfield></datafield><datafield ind1="2" ind2=" " tag="710"><subfield code="a">Summer Institute of Linguistics.</subfield></datafield><datafield ind1="2" ind2=" " tag="710"><subfield code="a">University of Texas at Arlington.</subfield></datafield><datafield ind1=" " ind2=" " tag="035"><subfield code="a">(TxDaGIAL)37741100023261</subfield></datafield><controlfield tag="005">20080624162436.0</controlfield><controlfield tag="001">11184</controlfield><controlfield tag="003">TxDaGIAL</controlfield><datafield ind1=" " ind2=" " tag="852"><subfield code="p">37741100023261</subfield><subfield code="a">Library</subfield><subfield code="9">$21.75</subfield><subfield code="x">FUND:Ling</subfield><subfield code="x">COPYID:13084</subfield><subfield code="x">FSC@aRegular@c19990615</subfield><subfield code="h">495.922 D153v 1998</subfield><subfield code="z">Direct Ac Pub 5-98</subfield></datafield><datafield ind1=" " ind2=" " tag="852"><subfield code="p">37741100023262</subfield><subfield code="a">Library</subfield><subfield code="9">$29.00</subfield><subfield code="x">FUND:Ling</subfield><subfield code="x">COPYID:13085</subfield><subfield code="x">FSC@aRegular@c19990615</subfield><subfield code="h">495.922 D153v 1998</subfield><subfield code="z">Direct Bookstore 9-98</subfield></datafield></record>