
<record><leader>00986nam a2200241Ia 4500</leader><controlfield tag="008">940416s1937    ii            001 0 eng d</controlfield><datafield ind1=" " ind2=" " tag="035"><subfield code="a">(CU-UC)9135669</subfield></datafield><datafield ind1=" " ind2=" " tag="040"><subfield code="a">MCB</subfield><subfield code="c">MCB</subfield><subfield code="d">CUY</subfield><subfield code="d">TxDaGIAL</subfield></datafield><datafield ind1="0" ind2="4" tag="082"><subfield code="a">494.827</subfield><subfield code="2">21</subfield></datafield><datafield ind1=" " ind2=" " tag="094"><subfield code="a">tcw00</subfield><subfield code="2">ROPAL</subfield></datafield><datafield ind1="1" ind2=" " tag="100"><subfield code="a">Arden, Albert Henry,</subfield><subfield code="d">1841-1897.</subfield></datafield><datafield ind1="1" ind2="2" tag="245"><subfield code="a">A Progressive grammar of the Telugu language :</subfield><subfield code="b">with copious examples and exercises /</subfield><subfield code="c">by The Rev. A. H. Arden, M.A.</subfield></datafield><datafield ind1=" " ind2=" " tag="250"><subfield code="a">4th ed.</subfield></datafield><datafield ind1=" " ind2=" " tag="260"><subfield code="a">Madras :</subfield><subfield code="b">Christian Literature Society ;</subfield><subfield code="a">London :</subfield><subfield code="b">Messrs. Simpkin, Marshall, Hamilton, Kent &amp; Co.,</subfield><subfield code="c">1937.</subfield></datafield><datafield ind1=" " ind2=" " tag="300"><subfield code="a">xi, 351, xlii p. ;</subfield><subfield code="c">25 cm.</subfield></datafield><datafield ind1=" " ind2=" " tag="500"><subfield code="a">Includes index to Arden's Telugu grammar: compiled by B. J. Rockwood.</subfield></datafield><datafield ind1=" " ind2=" " tag="546"><subfield code="a">English.</subfield></datafield><datafield ind1=" " ind2="0" tag="650"><subfield code="a">Telugu language</subfield><subfield code="x">Grammar.</subfield></datafield><datafield ind1=" " ind2=" " tag="035"><subfield code="a">(TxDaGIAL)37741100023271</subfield></datafield><controlfield tag="005">20080624162437.0</controlfield><controlfield tag="001">11190</controlfield><controlfield tag="003">TxDaGIAL</controlfield><datafield ind1=" " ind2=" " tag="852"><subfield code="p">37741100023271</subfield><subfield code="a">Library</subfield><subfield code="9">$0.00</subfield><subfield code="x">FUND:GIFT</subfield><subfield code="x">COPYID:13092</subfield><subfield code="x">FSC@aRegular@c19990615</subfield><subfield code="h">494.827 A676p 1937</subfield><subfield code="z">Gift Richard E. Hicks 8-98</subfield></datafield></record>