
<record><leader>01083nam a2200313 a 4500</leader><controlfield tag="008">880407s1987    nmu      d    00010 eng  </controlfield><datafield ind1=" " ind2=" " tag="010"><subfield code="a">   88128627</subfield></datafield><datafield ind1=" " ind2=" " tag="020"><subfield code="a">0826310141</subfield></datafield><datafield ind1=" " ind2=" " tag="035"><subfield code="a">(CU-UC)4557114</subfield></datafield><datafield ind1=" " ind2=" " tag="040"><subfield code="a">DLC</subfield><subfield code="c">DLC</subfield><subfield code="d">TxDaGIAL</subfield></datafield><datafield ind1="0" ind2=" " tag="041"><subfield code="a">engnav</subfield></datafield><datafield ind1="0" ind2=" " tag="050"><subfield code="a">PM2007</subfield><subfield code="b">.Y75 1987</subfield></datafield><datafield ind1="0" ind2=" " tag="082"><subfield code="a">497/.231</subfield><subfield code="2">21</subfield></datafield><datafield ind1=" " ind2=" " tag="094"><subfield code="a">nav00</subfield><subfield code="2">ROPAL</subfield></datafield><datafield ind1="1" ind2="0" tag="100"><subfield code="a">Young, Robert W.,</subfield><subfield code="d">1912-</subfield></datafield><datafield ind1="1" ind2="4" tag="245"><subfield code="a">The Navajo language :</subfield><subfield code="b">a grammar and colloquial dictionary /</subfield><subfield code="c">Robert W. Young and William Morgan, Sr.</subfield></datafield><datafield ind1=" " ind2=" " tag="250"><subfield code="a">Rev. ed.</subfield></datafield><datafield ind1="0" ind2=" " tag="260"><subfield code="a">Albuquerque :</subfield><subfield code="b">University of New Mexico Press,</subfield><subfield code="c">c1987.</subfield></datafield><datafield ind1=" " ind2=" " tag="300"><subfield code="a">xv, 437, 1069 p. ;</subfield><subfield code="c">29 cm.</subfield></datafield><datafield ind1=" " ind2=" " tag="546"><subfield code="a">English.</subfield></datafield><datafield ind1=" " ind2="0" tag="650"><subfield code="a">Navajo language</subfield><subfield code="v">Dictionaries</subfield><subfield code="x">English.</subfield></datafield><datafield ind1=" " ind2="0" tag="650"><subfield code="a">English language</subfield><subfield code="v">Dictionaries</subfield><subfield code="x">Navajo.</subfield></datafield><datafield ind1=" " ind2="0" tag="650"><subfield code="a">Navajo language</subfield><subfield code="x">Grammar.</subfield></datafield><datafield ind1="1" ind2="0" tag="700"><subfield code="a">Morgan, William,</subfield><subfield code="d">fl. 1936-</subfield></datafield><datafield ind1=" " ind2=" " tag="035"><subfield code="a">(TxDaGIAL)37741100023276</subfield></datafield><controlfield tag="005">20080624162438.0</controlfield><controlfield tag="001">11193</controlfield><controlfield tag="003">TxDaGIAL</controlfield><datafield ind1=" " ind2=" " tag="852"><subfield code="p">37741100023276</subfield><subfield code="a">Library</subfield><subfield code="9">$0.00</subfield><subfield code="x">FUND:GIFT</subfield><subfield code="x">COPYID:13095</subfield><subfield code="x">FSC@aRegular@c19990615</subfield><subfield code="h">497.231 Y75n 1987</subfield><subfield code="z">Gift Jim Hudson 11-98</subfield></datafield></record>