
<record><leader>01083cam a2200313 a 4500</leader><controlfield tag="008">960131s1996    nmuab    b   s011 0 eng  </controlfield><datafield ind1=" " ind2=" " tag="010"><subfield code="a">   96005052</subfield></datafield><datafield ind1=" " ind2=" " tag="020"><subfield code="a">0826317057 (cloth)</subfield></datafield><datafield ind1=" " ind2=" " tag="035"><subfield code="a">(CU-UC)10619027</subfield></datafield><datafield ind1=" " ind2=" " tag="040"><subfield code="a">DLC</subfield><subfield code="c">DLC</subfield><subfield code="d">DLC</subfield><subfield code="d">TxDaGIAL</subfield></datafield><datafield ind1="0" ind2=" " tag="041"><subfield code="a">engathnav</subfield></datafield><datafield ind1="0" ind2="0" tag="050"><subfield code="a">PM641</subfield><subfield code="b">.A92 1996</subfield></datafield><datafield ind1="0" ind2="0" tag="082"><subfield code="a">497/.2</subfield><subfield code="2">20</subfield></datafield><datafield ind1=" " ind2=" " tag="094"><subfield code="a">nav00</subfield><subfield code="2">ROPAL</subfield></datafield><datafield ind1="0" ind2="0" tag="245"><subfield code="a">Athabaskan language studies :</subfield><subfield code="b">essays in honor of Robert W. Young /</subfield><subfield code="c">edited by Eloise Jelinek ... [et al.].</subfield></datafield><datafield ind1=" " ind2=" " tag="250"><subfield code="a">1st ed.</subfield></datafield><datafield ind1=" " ind2=" " tag="260"><subfield code="a">Albuquerque :</subfield><subfield code="b">University of New Mexico Press,</subfield><subfield code="c">c1996.</subfield></datafield><datafield ind1=" " ind2=" " tag="300"><subfield code="a">xv, 490 p. :</subfield><subfield code="b">ill., maps ;</subfield><subfield code="c">24 cm.</subfield></datafield><datafield ind1=" " ind2=" " tag="504"><subfield code="a">Includes bibliographical references and index.</subfield></datafield><datafield ind1="1" ind2="0" tag="600"><subfield code="a">Young, Robert W.,</subfield><subfield code="d">1912-</subfield></datafield><datafield ind1=" " ind2="0" tag="650"><subfield code="a">Athapascan languages.</subfield></datafield><datafield ind1=" " ind2="0" tag="650"><subfield code="a">Navajo language.</subfield></datafield><datafield ind1="1" ind2=" " tag="700"><subfield code="a">Young, Robert W.,</subfield><subfield code="d">1912-</subfield></datafield><datafield ind1="1" ind2=" " tag="700"><subfield code="a">Jelinek, Eloise.</subfield></datafield><datafield ind1=" " ind2=" " tag="035"><subfield code="a">(TxDaGIAL)37741100023287</subfield></datafield><controlfield tag="005">20080624162440.0</controlfield><controlfield tag="001">11196</controlfield><controlfield tag="003">TxDaGIAL</controlfield><datafield ind1=" " ind2=" " tag="852"><subfield code="p">37741100023287</subfield><subfield code="a">Library</subfield><subfield code="9">$29.58</subfield><subfield code="x">FUND:Ling</subfield><subfield code="x">COPYID:13100</subfield><subfield code="x">FSC@aRegular@c19990624</subfield><subfield code="h">497.2 A865j 1996</subfield><subfield code="z">B/T 12-98</subfield></datafield></record>