
<record><leader>01394cam a2200385 a 4500</leader><controlfield tag="008">960315s1996    enk      d    001 0 eng  </controlfield><datafield ind1=" " ind2=" " tag="010"><subfield code="a">   96005893</subfield></datafield><datafield ind1=" " ind2=" " tag="020"><subfield code="a">0415141982 (hbk)</subfield></datafield><datafield ind1=" " ind2=" " tag="020"><subfield code="a">0415160472 (pbk)</subfield></datafield><datafield ind1=" " ind2=" " tag="040"><subfield code="a">DLC</subfield><subfield code="c">DLC</subfield><subfield code="d">DLC</subfield><subfield code="d">TxDaGIAL</subfield></datafield><datafield ind1="0" ind2=" " tag="041"><subfield code="a">engmul</subfield></datafield><datafield ind1="0" ind2="0" tag="050"><subfield code="a">PL26</subfield><subfield code="b">.D53 1996</subfield></datafield><datafield ind1="0" ind2="0" tag="082"><subfield code="a">423/.943</subfield><subfield code="2">20</subfield></datafield><datafield ind1="0" ind2="4" tag="082"><subfield code="a">494/.3/321</subfield><subfield code="2">21</subfield></datafield><datafield ind1=" " ind2=" " tag="094"><subfield code="a">azb00</subfield><subfield code="2">ROPAL</subfield></datafield><datafield ind1=" " ind2=" " tag="094"><subfield code="a">kaz00</subfield><subfield code="2">ROPAL</subfield></datafield><datafield ind1=" " ind2=" " tag="094"><subfield code="a">kdo00</subfield><subfield code="2">ROPAL</subfield></datafield><datafield ind1=" " ind2=" " tag="094"><subfield code="a">ttr00</subfield><subfield code="2">ROPAL</subfield></datafield><datafield ind1=" " ind2=" " tag="094"><subfield code="a">trk00</subfield><subfield code="2">ROPAL</subfield></datafield><datafield ind1=" " ind2=" " tag="094"><subfield code="a">tck00</subfield><subfield code="2">ROPAL</subfield></datafield><datafield ind1=" " ind2=" " tag="094"><subfield code="a">uig00</subfield><subfield code="2">ROPAL</subfield></datafield><datafield ind1=" " ind2=" " tag="094"><subfield code="a">uzs00</subfield><subfield code="2">ROPAL</subfield></datafield><datafield ind1="0" ind2="0" tag="245"><subfield code="a">Dictionary of the Turkic languages :</subfield><subfield code="b">English, Azerbaijani, Kazakh, Kyrgyz, Tatar, Turkish, Turkmen, Uighur, Uzbek /</subfield><subfield code="c">Kurtulu&#351; &#214;ztop&#231;u ... [et al.].</subfield></datafield><datafield ind1=" " ind2=" " tag="260"><subfield code="a">London ;</subfield><subfield code="a">New York :</subfield><subfield code="b">Routledge,</subfield><subfield code="c">1996.</subfield></datafield><datafield ind1=" " ind2=" " tag="300"><subfield code="a">xvi, 361 p. ;</subfield><subfield code="c">26 cm.</subfield></datafield><datafield ind1=" " ind2=" " tag="500"><subfield code="a">Includes indexes.</subfield></datafield><datafield ind1=" " ind2="0" tag="650"><subfield code="a">English language</subfield><subfield code="v">Dictionaries</subfield><subfield code="x">Turkic.</subfield></datafield><datafield ind1=" " ind2="0" tag="650"><subfield code="a">Turkic languages</subfield><subfield code="v">Dictionaries</subfield><subfield code="x">English.</subfield></datafield><datafield ind1="1" ind2=" " tag="700"><subfield code="a">&#214;ztop&#231;u, Kurtulu&#351;,</subfield><subfield code="d">1950-</subfield></datafield><datafield ind1=" " ind2=" " tag="035"><subfield code="a">(TxDaGIAL)37741100023288</subfield></datafield><controlfield tag="005">20080624162441.0</controlfield><controlfield tag="001">11198</controlfield><controlfield tag="003">TxDaGIAL</controlfield><datafield ind1=" " ind2=" " tag="852"><subfield code="p">37741100023288</subfield><subfield code="a">Library</subfield><subfield code="9">$71.83</subfield><subfield code="x">FUND:Ling</subfield><subfield code="x">COPYID:13102</subfield><subfield code="x">FSC@aRegular@c19990624</subfield><subfield code="h">494.3321 D554o 1996</subfield><subfield code="z">B/T 12-98</subfield></datafield><datafield ind1=" " ind2=" " tag="852"><subfield code="p">37741100023410</subfield><subfield code="a">Library</subfield><subfield code="9">$32.99</subfield><subfield code="x">FUND:Ling</subfield><subfield code="x">COPYID:13103</subfield><subfield code="x">FSC@aRegular@c19990826</subfield><subfield code="h">494.3321 D554o 1996</subfield><subfield code="z">Direct Amazon.com 8-99</subfield></datafield></record>