
<record><leader>01003cam a2200289 a 4500</leader><controlfield tag="008">770901s1978    enk      b    00110 eng  </controlfield><datafield ind1=" " ind2=" " tag="010"><subfield code="a">   77030204</subfield></datafield><datafield ind1=" " ind2=" " tag="015"><subfield code="a">GB78</subfield></datafield><datafield ind1=" " ind2=" " tag="020"><subfield code="a">0198156480 :</subfield><subfield code="c">&#163;10.00</subfield></datafield><datafield ind1=" " ind2=" " tag="035"><subfield code="a">ABH-3663</subfield></datafield><datafield ind1=" " ind2=" " tag="040"><subfield code="a">DLC</subfield><subfield code="c">DLC</subfield><subfield code="d">NRC</subfield><subfield code="d">TxDaGIAL</subfield></datafield><datafield ind1=" " ind2=" " tag="045"><subfield code="a">x1x7</subfield></datafield><datafield ind1=" " ind2=" " tag="082"><subfield code="a">491.7</subfield></datafield><datafield ind1="1" ind2=" " tag="100"><subfield code="a">Comrie, Bernard,</subfield><subfield code="d">1947-</subfield></datafield><datafield ind1="1" ind2="4" tag="245"><subfield code="a">The Russian language since the revolution /</subfield><subfield code="c">Bernard Comrie and Gerald Stone.</subfield></datafield><datafield ind1=" " ind2=" " tag="260"><subfield code="a">Oxford [Eng.] :</subfield><subfield code="b">Clarendon Press,</subfield><subfield code="c">1978.</subfield></datafield><datafield ind1=" " ind2=" " tag="300"><subfield code="a">x, 258 p. ;</subfield><subfield code="c">23 cm.</subfield></datafield><datafield ind1=" " ind2=" " tag="504"><subfield code="a">Includes Bibliographical references (p.[221]-232) and indexes.</subfield></datafield><datafield ind1=" " ind2="0" tag="650"><subfield code="a">Russian language</subfield><subfield code="x">Social aspects.</subfield></datafield><datafield ind1=" " ind2="0" tag="650"><subfield code="a">Russian language</subfield><subfield code="x">History</subfield><subfield code="y">1917-</subfield></datafield><datafield ind1=" " ind2="0" tag="650"><subfield code="a">Russian language</subfield><subfield code="x">Usage.</subfield></datafield><datafield ind1="1" ind2="0" tag="700"><subfield code="a">Stone, Gerald.</subfield></datafield><datafield ind1=" " ind2=" " tag="035"><subfield code="a">(TxDaGIAL)37741100023294</subfield></datafield><controlfield tag="005">20080624162442.0</controlfield><controlfield tag="001">11204</controlfield><controlfield tag="003">TxDaGIAL</controlfield><datafield ind1=" " ind2=" " tag="852"><subfield code="p">37741100023294</subfield><subfield code="a">Library</subfield><subfield code="9">$0.00</subfield><subfield code="x">FUND:GIFT</subfield><subfield code="x">COPYID:13109</subfield><subfield code="x">FSC@aRegular@c19990624</subfield><subfield code="h">491.7 C738r 1978</subfield><subfield code="z">Gift Elaine C. Bennett 1-98</subfield></datafield></record>