
<record><leader>01393cam a2200349 a 4500</leader><controlfield tag="008">890909s1988    paua     b    00110 eng  </controlfield><datafield ind1=" " ind2=" " tag="010"><subfield code="a">   87072874</subfield></datafield><datafield ind1=" " ind2=" " tag="020"><subfield code="a">087169185X (set)</subfield></datafield><datafield ind1=" " ind2=" " tag="035"><subfield code="a">(CU-UC)5633259</subfield></datafield><datafield ind1=" " ind2=" " tag="040"><subfield code="a">DLC</subfield><subfield code="c">DLC</subfield><subfield code="d">TxDaGIAL</subfield></datafield><datafield ind1=" " ind2=" " tag="041"><subfield code="a">engalg</subfield></datafield><datafield ind1=" " ind2=" " tag="043"><subfield code="a">n-us-ma</subfield></datafield><datafield ind1="0" ind2=" " tag="050"><subfield code="a">Q11</subfield><subfield code="b">.P612 vol. 185</subfield><subfield code="a">PM1737</subfield></datafield><datafield ind1="0" ind2=" " tag="082"><subfield code="a">497/.3</subfield><subfield code="2">20</subfield></datafield><datafield ind1=" " ind2=" " tag="094"><subfield code="a">wam00</subfield><subfield code="2">ROPAL</subfield></datafield><datafield ind1="1" ind2="0" tag="100"><subfield code="a">Goddard, Ives,</subfield><subfield code="d">1941-</subfield></datafield><datafield ind1="1" ind2="0" tag="245"><subfield code="a">Native writings in Massachusett /</subfield><subfield code="c">Ives Goddard and Kathleen J. Bragdon.</subfield></datafield><datafield ind1="0" ind2=" " tag="260"><subfield code="a">Philadelphia :</subfield><subfield code="b">American Philosophical Society,</subfield><subfield code="c">1988.</subfield></datafield><datafield ind1=" " ind2=" " tag="300"><subfield code="a">2 v. (xxiv, 791 p.) :</subfield><subfield code="b">ill. ;</subfield><subfield code="c">32 cm.</subfield></datafield><datafield ind1=" " ind2="0" tag="440"><subfield code="a">Memoirs of the American Philosophical Society ;</subfield><subfield code="v">v. 185,</subfield><subfield code="x">0065-9738</subfield></datafield><datafield ind1=" " ind2=" " tag="504"><subfield code="a">Includes bibliographical references (p. 785-791) and indexes.</subfield></datafield><datafield ind1=" " ind2=" " tag="546"><subfield code="a">English and Massachusett.</subfield></datafield><datafield ind1=" " ind2="0" tag="650"><subfield code="a">Massachuset Indians</subfield><subfield code="x">History</subfield><subfield code="x">Sources.</subfield></datafield><datafield ind1=" " ind2="0" tag="650"><subfield code="a">Massachuset language</subfield><subfield code="x">Grammar.</subfield></datafield><datafield ind1=" " ind2="0" tag="650"><subfield code="a">Massachuset language</subfield><subfield code="v">Texts.</subfield></datafield><datafield ind1="1" ind2="0" tag="700"><subfield code="a">Bragdon, Kathleen Joan.</subfield></datafield><datafield ind1=" " ind2=" " tag="035"><subfield code="a">(TxDaGIAL)37741100023295</subfield></datafield><controlfield tag="005">20080624162442.0</controlfield><controlfield tag="001">11205</controlfield><controlfield tag="003">TxDaGIAL</controlfield><datafield ind1=" " ind2=" " tag="852"><subfield code="p">37741100023295</subfield><subfield code="a">Library</subfield><subfield code="9">$0.00</subfield><subfield code="x">FUND:GIFT</subfield><subfield code="x">COPYID:13110</subfield><subfield code="x">FSC@aRegular@c19990624</subfield><subfield code="h">497.3 G578n pt.1 1988</subfield><subfield code="z">Gift Elinor Abbot 10-98</subfield></datafield><datafield ind1=" " ind2=" " tag="852"><subfield code="p">37741100023324</subfield><subfield code="a">Library</subfield><subfield code="9">$0.00</subfield><subfield code="x">FUND:GIFT</subfield><subfield code="x">COPYID:13111</subfield><subfield code="x">FSC@aRegular@c19990624</subfield><subfield code="h">497.3 G578n pt.2 1988</subfield><subfield code="z">Gift Elinor Abbot 10-98</subfield></datafield></record>