
<record><leader>00882cam a2200253 a 4500</leader><controlfield tag="008">961120s1971    fi ab         001 0 eng u</controlfield><datafield ind1=" " ind2=" " tag="035"><subfield code="a">AYG-2359</subfield></datafield><datafield ind1=" " ind2=" " tag="040"><subfield code="d">TxDaGIAL</subfield></datafield><datafield ind1="0" ind2=" " tag="041"><subfield code="a">engfin</subfield></datafield><datafield ind1="0" ind2="4" tag="082"><subfield code="a">494.54182421</subfield><subfield code="2">20</subfield></datafield><datafield ind1="1" ind2=" " tag="100"><subfield code="a">Aaltio, Maija Hellikki.</subfield></datafield><datafield ind1="1" ind2="0" tag="245"><subfield code="a">Finnish for foreigners /</subfield><subfield code="c">by Maiji-Hellikki Aaltio.</subfield></datafield><datafield ind1=" " ind2=" " tag="250"><subfield code="a">5th ed.</subfield></datafield><datafield ind1="0" ind2=" " tag="260"><subfield code="a">Helsingiss&#228; :</subfield><subfield code="b">Kustannusosakeyhti&#246; Otava,</subfield><subfield code="c">1971.</subfield></datafield><datafield ind1=" " ind2=" " tag="300"><subfield code="a">318 p. :</subfield><subfield code="b">ill., maps ;</subfield><subfield code="c">21 cm.</subfield></datafield><datafield ind1=" " ind2=" " tag="500"><subfield code="a">Includes indexes.</subfield></datafield><datafield ind1=" " ind2=" " tag="546"><subfield code="a">English and Finnish.</subfield></datafield><datafield ind1=" " ind2="0" tag="650"><subfield code="a">Finnish language</subfield><subfield code="v">Textbooks for foreign speakers</subfield><subfield code="x">English.</subfield></datafield><datafield ind1=" " ind2="0" tag="650"><subfield code="a">Finnish language</subfield><subfield code="v">Readers.</subfield></datafield><datafield ind1=" " ind2=" " tag="035"><subfield code="a">(TxDaGIAL)37741100023315</subfield></datafield><controlfield tag="005">20080624162446.0</controlfield><controlfield tag="001">11221</controlfield><controlfield tag="003">TxDaGIAL</controlfield><datafield ind1=" " ind2=" " tag="852"><subfield code="p">37741100023315</subfield><subfield code="a">Library</subfield><subfield code="9">$0.00</subfield><subfield code="x">FUND:GIFT</subfield><subfield code="x">COPYID:13128</subfield><subfield code="x">FSC@aRegular@c19990624</subfield><subfield code="h">494.54182421 A112f 1964</subfield><subfield code="z">Gift Maria Zelia Brandon 11-98</subfield></datafield></record>