
<record><leader>00864nam a2200205 a 4500</leader><controlfield tag="008">990222q1997    xx      rb    000 0 eng d</controlfield><datafield ind1=" " ind2=" " tag="040"><subfield code="a">TxDaGIAL</subfield><subfield code="c">TxDaGIAL</subfield></datafield><datafield ind1="1" ind2=" " tag="100"><subfield code="a">Bearth, Thomas.</subfield></datafield><datafield ind1="1" ind2="0" tag="245"><subfield code="a">Inferential and counter-inferential grammatical markers in Swahili dialogue /</subfield><subfield code="c">Thomas Bearth.</subfield></datafield><datafield ind1=" " ind2=" " tag="260"><subfield code="c">[1997 or 1998]</subfield></datafield><datafield ind1=" " ind2=" " tag="300"><subfield code="a">15 leaves ;</subfield><subfield code="c">30 cm.</subfield></datafield><datafield ind1=" " ind2=" " tag="504"><subfield code="a">Includes bibliographical references (leaves 14-15).</subfield></datafield><datafield ind1=" " ind2=" " tag="500"><subfield code="a">Photocopy of manuscript submitted for publication.</subfield></datafield><datafield ind1=" " ind2=" " tag="500"><subfield code="a">"An earlier version was read at the 10th International Swahili Colloquium in Bayreuth, May 10-12, 1997)."</subfield></datafield><datafield ind1=" " ind2="0" tag="650"><subfield code="a">Swahili language</subfield><subfield code="x">Discourse analysis.</subfield></datafield><datafield ind1=" " ind2=" " tag="035"><subfield code="a">(TxDaGIAL)37741400001106</subfield></datafield><controlfield tag="005">20080624162451.0</controlfield><controlfield tag="001">11245</controlfield><controlfield tag="003">TxDaGIAL</controlfield><datafield ind1=" " ind2=" " tag="852"><subfield code="p">37741400001106</subfield><subfield code="a">Library</subfield><subfield code="9">$0.00</subfield><subfield code="x">COPYID:13155</subfield><subfield code="x">FSC@aVertFile@c19990618</subfield><subfield code="h">FILE</subfield><subfield code="z">Gift, SIL Linguistics Dept.</subfield></datafield></record>