
<record><leader>00892nam a2200217 a 4500</leader><controlfield tag="008">990222s1997    xx ad   rb    000 0 eng d</controlfield><datafield ind1=" " ind2=" " tag="040"><subfield code="a">TxDaGIAL</subfield><subfield code="c">TxDaGIAL</subfield></datafield><datafield ind1="1" ind2=" " tag="100"><subfield code="a">Bearth, Thomas.</subfield></datafield><datafield ind1="1" ind2="0" tag="245"><subfield code="a">Clauses as discourse operators in Tura /</subfield><subfield code="c">Thomas Bearth.</subfield></datafield><datafield ind1=" " ind2=" " tag="260"><subfield code="c">1997.</subfield></datafield><datafield ind1=" " ind2=" " tag="300"><subfield code="a">p. [193]-222 :</subfield><subfield code="b">ill. ;</subfield><subfield code="c">30 cm.</subfield></datafield><datafield ind1=" " ind2=" " tag="504"><subfield code="a">Includes bibliographical references (p. 210-212).</subfield></datafield><datafield ind1=" " ind2=" " tag="500"><subfield code="a">Photocopy from: Connolly, John H. et al, eds., Discourse and pragmatics in functional grammar: 193-222, 1997.</subfield></datafield><datafield ind1=" " ind2="0" tag="650"><subfield code="a">Tura language</subfield><subfield code="x">Clauses.</subfield></datafield><datafield ind1=" " ind2="0" tag="650"><subfield code="a">Tura language</subfield><subfield code="x">Discourse analysis.</subfield></datafield><datafield ind1="1" ind2="0" tag="700"><subfield code="a">Connolly, John H.,</subfield><subfield code="d">1953-</subfield><subfield code="t">Discourse and pragmatics in functional grammar.</subfield></datafield><datafield ind1=" " ind2=" " tag="035"><subfield code="a">(TxDaGIAL)37741400001107</subfield></datafield><controlfield tag="005">20080624162451.0</controlfield><controlfield tag="001">11246</controlfield><controlfield tag="003">TxDaGIAL</controlfield><datafield ind1=" " ind2=" " tag="852"><subfield code="p">37741400001107</subfield><subfield code="a">Library</subfield><subfield code="9">$0.00</subfield><subfield code="x">COPYID:13156</subfield><subfield code="x">FSC@aVertFile@c19990618</subfield><subfield code="h">FILE</subfield><subfield code="z">Gift, SIL Linguistics Dept.</subfield></datafield></record>