
<record><leader>00699nam a2200193 a 4500</leader><controlfield tag="008">990222s1992    xx a     b    000 0 eng d</controlfield><datafield ind1=" " ind2=" " tag="040"><subfield code="a">TxDaGIAL</subfield><subfield code="c">TxDaGIAL</subfield></datafield><datafield ind1="1" ind2=" " tag="100"><subfield code="a">Bearth, Thomas.</subfield></datafield><datafield ind1="1" ind2="0" tag="245"><subfield code="a">Constituent structure, natural focus hierarchy and focus types in Toura /</subfield><subfield code="c">Thomas Bearth.</subfield></datafield><datafield ind1=" " ind2=" " tag="260"><subfield code="c">1992.</subfield></datafield><datafield ind1=" " ind2=" " tag="300"><subfield code="a">p. [75]-94 :</subfield><subfield code="b">ill. ;</subfield><subfield code="c">31 cm.</subfield></datafield><datafield ind1=" " ind2=" " tag="504"><subfield code="a">Bibliography: p. 92-93.</subfield></datafield><datafield ind1=" " ind2=" " tag="500"><subfield code="a">Photocopy from: Folia linguistica 26(1-2):75-94, 1992.</subfield></datafield><datafield ind1=" " ind2="0" tag="650"><subfield code="a">Tura language</subfield><subfield code="x">Syntax.</subfield></datafield><datafield ind1=" " ind2=" " tag="035"><subfield code="a">(TxDaGIAL)37741400001108</subfield></datafield><controlfield tag="005">20080624162451.0</controlfield><controlfield tag="001">11247</controlfield><controlfield tag="003">TxDaGIAL</controlfield><datafield ind1=" " ind2=" " tag="852"><subfield code="p">37741400001108</subfield><subfield code="a">Library</subfield><subfield code="9">$0.00</subfield><subfield code="x">COPYID:13157</subfield><subfield code="x">FSC@aVertFile@c19990621</subfield><subfield code="h">FILE</subfield><subfield code="z">Gift, SIL Linguistics Dept.</subfield></datafield></record>