
<record><leader>00643nam a2200181 a 4500</leader><controlfield tag="008">990217s19      xx            000 0 mul d</controlfield><datafield ind1=" " ind2=" " tag="040"><subfield code="a">TxDaGIAL</subfield><subfield code="c">TxDaGIAL</subfield></datafield><datafield ind1="0" ind2=" " tag="041"><subfield code="a">niceng</subfield></datafield><datafield ind1="0" ind2="0" tag="245"><subfield code="a">A short Kusaal-English dictionary.</subfield></datafield><datafield ind1=" " ind2=" " tag="260"><subfield code="a">Ghana :</subfield><subfield code="b">Institute of African Studies, University of Ghana,</subfield><subfield code="c">[19--]</subfield></datafield><datafield ind1=" " ind2=" " tag="300"><subfield code="a">[ii], 34 p. ;</subfield><subfield code="c">25 cm.</subfield></datafield><datafield ind1=" " ind2=" " tag="546"><subfield code="a">Kusaasi and English.</subfield></datafield><datafield ind1=" " ind2="0" tag="650"><subfield code="a">Kusaasi language</subfield><subfield code="v">Dictionaries</subfield><subfield code="x">English.</subfield></datafield><datafield ind1=" " ind2=" " tag="035"><subfield code="a">(TxDaGIAL)37741400001084</subfield></datafield><controlfield tag="005">20080624162458.0</controlfield><controlfield tag="001">11273</controlfield><controlfield tag="003">TxDaGIAL</controlfield><datafield ind1=" " ind2=" " tag="852"><subfield code="p">37741400001084</subfield><subfield code="a">Library</subfield><subfield code="9">$0.00</subfield><subfield code="x">COPYID:13190</subfield><subfield code="x">FSC@aVertFile@c19990217</subfield><subfield code="h">FILE</subfield><subfield code="z">Gift, SIL Academic Publications 4-97</subfield></datafield></record>