
<record><leader>01084nam a2200289 i 4500</leader><controlfield tag="008">810821s1979    bl a     b    00010 por  </controlfield><datafield ind1=" " ind2=" " tag="010"><subfield code="a">   80119996</subfield></datafield><datafield ind1=" " ind2=" " tag="040"><subfield code="a">DLC</subfield><subfield code="c">DLC</subfield><subfield code="d">TxDaGIAL</subfield></datafield><datafield ind1="1" ind2=" " tag="041"><subfield code="a">por</subfield></datafield><datafield ind1="0" ind2=" " tag="050"><subfield code="a">PM6393</subfield><subfield code="b">.M66</subfield></datafield><datafield ind1="0" ind2=" " tag="082"><subfield code="a">498/.4</subfield><subfield code="2">19</subfield></datafield><datafield ind1="1" ind2="0" tag="100"><subfield code="a">Moore, Barbara J.</subfield></datafield><datafield ind1="1" ind2="0" tag="245"><subfield code="a">Breves not&#237;cias da l&#237;ngua mak&#250;-hupda /</subfield><subfield code="c">por Barbara J. Moore e Gail L. Franklin ; tradu&#231;&#227;o de Mary L. Daniel.</subfield></datafield><datafield ind1="0" ind2=" " tag="260"><subfield code="a">Bras&#237;lia, DF :</subfield><subfield code="b">Summer Institute of Linguistics,</subfield><subfield code="c">1979.</subfield></datafield><datafield ind1=" " ind2=" " tag="300"><subfield code="a">31 p. :</subfield><subfield code="b">ill. ;</subfield><subfield code="c">22 cm.</subfield></datafield><datafield ind1=" " ind2="0" tag="440"><subfield code="a">Ensaios ling&#252;&#237;sticos ;</subfield><subfield code="v">6</subfield></datafield><datafield ind1=" " ind2=" " tag="500"><subfield code="a">Two studies prepared during a seminar sponsored by the Summer Institute of Linguistics.</subfield></datafield><datafield ind1=" " ind2=" " tag="504"><subfield code="a">Includes bibliographical references.</subfield></datafield><datafield ind1=" " ind2=" " tag="546"><subfield code="a">Portuguese.</subfield></datafield><datafield ind1=" " ind2="0" tag="650"><subfield code="a">Jupda language</subfield><subfield code="x">Grammar</subfield><subfield code="v">Congresses.</subfield></datafield><datafield ind1=" " ind2="0" tag="651"><subfield code="a">Brazil</subfield><subfield code="x">Languages.</subfield></datafield><datafield ind1="1" ind2="0" tag="700"><subfield code="a">Franklin, Gail L.</subfield></datafield><datafield ind1=" " ind2=" " tag="035"><subfield code="a">(TxDaGIAL)37741400001086</subfield></datafield><controlfield tag="005">20080624162459.0</controlfield><controlfield tag="001">11274</controlfield><controlfield tag="003">TxDaGIAL</controlfield><datafield ind1=" " ind2=" " tag="852"><subfield code="p">37741400001086</subfield><subfield code="a">Library</subfield><subfield code="9">$0.00</subfield><subfield code="x">COPYID:13191</subfield><subfield code="x">FSC@aVertFile@c19990217</subfield><subfield code="h">FILE</subfield><subfield code="z">Gift, Maria and Frank Brandon 6-98</subfield></datafield></record>