
<record><leader>00838cam a2200229 a 4500</leader><controlfield tag="008">970826s1998    ne            000 0 eng d</controlfield><datafield ind1=" " ind2=" " tag="040"><subfield code="a">TxDaGIAL</subfield><subfield code="c">TxDaGIAL</subfield></datafield><datafield ind1="1" ind2=" " tag="100"><subfield code="a">Casad, Eugene H.</subfield></datafield><datafield ind1="1" ind2="0" tag="245"><subfield code="a">Lots of ways to GIVE in Cora /</subfield><subfield code="c">Eugene H. Casad.</subfield></datafield><datafield ind1=" " ind2=" " tag="260"><subfield code="a">Amsterdam ;</subfield><subfield code="a">Philadelphia :</subfield><subfield code="b">J. Benjamins,</subfield><subfield code="c">1998.</subfield></datafield><datafield ind1=" " ind2=" " tag="300"><subfield code="a">p. [135]-174 ;</subfield><subfield code="c">21 cm.</subfield></datafield><datafield ind1=" " ind2=" " tag="504"><subfield code="a">Bibliography: p. 172-174.</subfield></datafield><datafield ind1=" " ind2=" " tag="500"><subfield code="a">Offprint: Newman, John, ed., The linguistics of giving, p. 135-174, 1998.</subfield></datafield><datafield ind1=" " ind2="0" tag="650"><subfield code="a">Cora language</subfield><subfield code="x">Semantics.</subfield></datafield><datafield ind1=" " ind2="0" tag="650"><subfield code="a">Generosity</subfield><subfield code="v">Terminology.</subfield></datafield><datafield ind1=" " ind2="0" tag="651"><subfield code="a">Mexico</subfield><subfield code="x">Languages.</subfield></datafield><datafield ind1="1" ind2=" " tag="700"><subfield code="a">Newman, John,</subfield><subfield code="d">1948-</subfield></datafield><datafield ind1=" " ind2=" " tag="035"><subfield code="a">(TxDaGIAL)37741400001088</subfield></datafield><controlfield tag="005">20080624162500.0</controlfield><controlfield tag="001">11279</controlfield><controlfield tag="003">TxDaGIAL</controlfield><datafield ind1=" " ind2=" " tag="852"><subfield code="p">37741400001088</subfield><subfield code="a">Library</subfield><subfield code="9">$0.00</subfield><subfield code="x">COPYID:13196</subfield><subfield code="x">FSC@aVertFile@c19990218</subfield><subfield code="h">FILE</subfield><subfield code="z">Gift, SIL-Academic Publications</subfield></datafield></record>