
<record><leader>01385cam a2200289 a 4500</leader><controlfield tag="008">890223s1977    ja a          001 0 jpn  </controlfield><datafield ind1=" " ind2=" " tag="010"><subfield code="a">   79801436 /J</subfield></datafield><datafield ind1=" " ind2=" " tag="035"><subfield code="a">(CU-UC)dlaisn7412441</subfield></datafield><datafield ind1=" " ind2=" " tag="040"><subfield code="a">DLC</subfield><subfield code="c">UIU</subfield><subfield code="d">OCoLC</subfield><subfield code="d">OSU</subfield><subfield code="d">OCoLC</subfield><subfield code="d">CLU</subfield><subfield code="d">TxDaGIAL</subfield></datafield><datafield ind1="1" ind2=" " tag="041"><subfield code="a">jpneng</subfield></datafield><datafield ind1=" " ind2=" " tag="043"><subfield code="a">a-cc---</subfield></datafield><datafield ind1="0" ind2=" " tag="050"><subfield code="a">PL1704</subfield><subfield code="b">.N35</subfield></datafield><datafield ind1="1" ind2=" " tag="100"><subfield code="a">Nakajima, Motoki.</subfield></datafield><datafield ind1="1" ind2="0" tag="245"><subfield code="a">Bingo T&#333;zant&#333; h&#333;gen kiso goish&#363; =</subfield><subfield code="b">A study of the basic vocabulary of the Min dialect in the Tung Shan Island /</subfield><subfield code="c">by Motoki Nakajima.</subfield></datafield><datafield ind1="1" ind2="5" tag="246"><subfield code="a">Study of the basic vocabulary of the Min dialect in the Tung Shan Island.</subfield></datafield><datafield ind1=" " ind2=" " tag="260"><subfield code="a">T&#333;ky&#333; :</subfield><subfield code="b">T&#333;ky&#333; Gaikokugo Daigaku Ajia Afurika Gengo Bunka Kenky&#363;jo,</subfield><subfield code="c">1977.</subfield></datafield><datafield ind1=" " ind2=" " tag="300"><subfield code="a">276 p. :</subfield><subfield code="b">ill. ;</subfield><subfield code="c">26 cm. +</subfield><subfield code="e">1 supplement (52 p.)</subfield></datafield><datafield ind1=" " ind2=" " tag="500"><subfield code="a">"Nihongo sakuin" (p.223-276)</subfield></datafield><datafield ind1=" " ind2=" " tag="546"><subfield code="a">Japanese and English.</subfield></datafield><datafield ind1=" " ind2="0" tag="650"><subfield code="a">Chinese language</subfield><subfield code="x">Dialects</subfield><subfield code="z">China</subfield><subfield code="z">Amoy</subfield><subfield code="v">Glossaries, vocabularies, etc.</subfield></datafield><datafield ind1=" " ind2="0" tag="650"><subfield code="a">Chinese language</subfield><subfield code="x">Dialects</subfield><subfield code="z">China</subfield><subfield code="z">Tung-shan Island</subfield><subfield code="v">Glossaries, vocabularies, etc.</subfield></datafield><datafield ind1=" " ind2=" " tag="035"><subfield code="a">(TxDaGIAL)37741100014877</subfield></datafield><controlfield tag="005">20080624162500.0</controlfield><controlfield tag="001">11281</controlfield><controlfield tag="003">TxDaGIAL</controlfield><datafield ind1=" " ind2=" " tag="852"><subfield code="p">37741100014877</subfield><subfield code="a">Library</subfield><subfield code="b">Kenneth L. Pike Coll</subfield><subfield code="9">$0.00</subfield><subfield code="x">COPYID:13198</subfield><subfield code="x">FSC@aRegular@c19980825</subfield><subfield code="h">495.17 N163s 1977</subfield><subfield code="z">K.L. Pike gift</subfield></datafield><datafield ind1=" " ind2=" " tag="852"><subfield code="p">37741100022026</subfield><subfield code="a">Library</subfield><subfield code="b">Kenneth L. Pike Coll</subfield><subfield code="9">$0.00</subfield><subfield code="x">COPYID:13199</subfield><subfield code="x">FSC@aRegular@c19971204</subfield><subfield code="h">495.17 N163s 1977s</subfield><subfield code="z">K.L. Pike gift</subfield></datafield></record>