
<record><leader>01284cam a2200277 a 4500</leader><controlfield tag="008">940608s1982    cc       d    00100 chi d</controlfield><datafield ind1=" " ind2=" " tag="020"><subfield code="c">RMBY3.35</subfield></datafield><datafield ind1=" " ind2=" " tag="035"><subfield code="a">(CU-UC)dlaisn9657665</subfield></datafield><datafield ind1=" " ind2=" " tag="040"><subfield code="a">NIC</subfield><subfield code="c">NIC</subfield><subfield code="d">CtY</subfield><subfield code="d">TxDaGIAL</subfield></datafield><datafield ind1="1" ind2=" " tag="041"><subfield code="a">chieng</subfield></datafield><datafield ind1="0" ind2="0" tag="245"><subfield code="a">Chien ming Han Ying tz&#703;u tien =</subfield><subfield code="b">A concise Chinese-English dictionary /</subfield><subfield code="c">Pei-ching y&#252; yen hs&#252;eh y&#252;an &quot;Chien ming Han Ying tz&#703;u tien&quot; pien hsieh tsu.</subfield></datafield><datafield ind1="1" ind2="1" tag="246"><subfield code="a">Concise Chinese-English dictionary.</subfield></datafield><datafield ind1="1" ind2=" " tag="246"><subfield code="i">Pinyin title:</subfield><subfield code="a">Jianming Han-Ying cidian</subfield></datafield><datafield ind1=" " ind2=" " tag="250"><subfield code="a">Ti 1 pan.</subfield></datafield><datafield ind1=" " ind2=" " tag="260"><subfield code="a">Pei-ching :</subfield><subfield code="b">The Commercial Press = :</subfield><subfield code="b">Shang wu yin shu kuan :</subfield><subfield code="b">Hsin hua shu tien Pei-ching fa hsing so fa hsing,</subfield><subfield code="c">1982.</subfield></datafield><datafield ind1=" " ind2=" " tag="300"><subfield code="a">24, 34, 838 p. ;</subfield><subfield code="c">19 cm.</subfield></datafield><datafield ind1=" " ind2=" " tag="500"><subfield code="a">Includes indexes.</subfield></datafield><datafield ind1=" " ind2=" " tag="546"><subfield code="a">Chinese and English.</subfield></datafield><datafield ind1=" " ind2="0" tag="650"><subfield code="a">Chinese language</subfield><subfield code="v">Dictionaries</subfield><subfield code="x">English.</subfield></datafield><datafield ind1="2" ind2="0" tag="710"><subfield code="a">Beijing yu yan xue yuan.</subfield><subfield code="b">"Jian ming Han Ying ci dian" bian xie zu.</subfield></datafield><datafield ind1=" " ind2=" " tag="035"><subfield code="a">(TxDaGIAL)37741100014870</subfield></datafield><controlfield tag="005">20080624162500.0</controlfield><controlfield tag="001">11282</controlfield><controlfield tag="003">TxDaGIAL</controlfield><datafield ind1=" " ind2=" " tag="852"><subfield code="p">37741100014870</subfield><subfield code="a">Library</subfield><subfield code="9">$0.00</subfield><subfield code="x">COPYID:13200</subfield><subfield code="x">FSC@aRegular@c19970203</subfield><subfield code="h">495.1321 C744 1982</subfield><subfield code="z">Lon Diehl gift 13132</subfield></datafield><datafield ind1=" " ind2=" " tag="852"><subfield code="p">37741100014871</subfield><subfield code="a">Library</subfield><subfield code="b">James E. Redden Coll</subfield><subfield code="9">$0.00</subfield><subfield code="x">COPYID:13201</subfield><subfield code="x">FSC@aRegular@c19970203</subfield><subfield code="h">495.1321 C744 1982</subfield><subfield code="z">J.E. Redden gift 2-91</subfield></datafield></record>