
<record><leader>01162cam a2200289 a 4500</leader><controlfield tag="008">940829s1982    cc a          00100 chi d</controlfield><datafield ind1=" " ind2=" " tag="035"><subfield code="a">(CU-UC)9659767</subfield></datafield><datafield ind1=" " ind2=" " tag="040"><subfield code="a">UPB</subfield><subfield code="c">UPB</subfield><subfield code="d">CtY</subfield><subfield code="d">TxDaGIAL</subfield></datafield><datafield ind1="0" ind2=" " tag="041"><subfield code="a">chieng</subfield></datafield><datafield ind1="0" ind2="0" tag="245"><subfield code="a">Ch&#703;eng y&#252; ku shih hs&#252;an =</subfield><subfield code="b">Annotated Chinese proverbs /</subfield><subfield code="c">Pei-ching y&#252; yen hs&#252;eh y&#252;an pien.</subfield></datafield><datafield ind1="1" ind2=" " tag="246"><subfield code="i">Pinyin title:</subfield><subfield code="a">Chengyu gushi xuan</subfield></datafield><datafield ind1="1" ind2="1" tag="246"><subfield code="a">Annotated Chinese proverbs.</subfield></datafield><datafield ind1=" " ind2=" " tag="250"><subfield code="a">Ti 1 pan.</subfield></datafield><datafield ind1=" " ind2=" " tag="260"><subfield code="a">Pei-ching :</subfield><subfield code="b">Wai wen ch&#703;u pan she :</subfield><subfield code="b">Chung-kuo kuo chi shu tien fa hsing,</subfield><subfield code="c">1982.</subfield></datafield><datafield ind1=" " ind2=" " tag="300"><subfield code="a">178 p. :</subfield><subfield code="b">ill. ;</subfield><subfield code="c">21 cm.</subfield></datafield><datafield ind1="1" ind2=" " tag="490"><subfield code="a">Chi ch&#703;u Han y&#252; k&#703;o pen y&#252;eh tu ts&#703;ai liao =</subfield><subfield code="a">Supplementary readings for elementary Chinese readers</subfield></datafield><datafield ind1=" " ind2=" " tag="500"><subfield code="a">Includes index.</subfield></datafield><datafield ind1=" " ind2=" " tag="546"><subfield code="a">Chinese with preface in English.</subfield></datafield><datafield ind1=" " ind2="0" tag="650"><subfield code="a">Proverbs, Chinese.</subfield></datafield><datafield ind1=" " ind2="0" tag="650"><subfield code="a">Chinese language</subfield><subfield code="v">Readers.</subfield></datafield><datafield ind1="2" ind2=" " tag="710"><subfield code="a">Beijing yu yan xue yuan.</subfield></datafield><datafield ind1=" " ind2="0" tag="830"><subfield code="a">&quot;Chi ch&#703;u Han y&#252; k&#703;o pen&quot; y&#252;eh tu ts&#703;ai liao.</subfield></datafield><datafield ind1=" " ind2=" " tag="035"><subfield code="a">(TxDaGIAL)37741100021312</subfield></datafield><controlfield tag="005">20080624162500.0</controlfield><controlfield tag="001">11283</controlfield><controlfield tag="003">TxDaGIAL</controlfield><datafield ind1=" " ind2=" " tag="852"><subfield code="p">37741100021312</subfield><subfield code="a">Library</subfield><subfield code="x">COPYID:13202</subfield><subfield code="x">FSC@aRegular@c19971027</subfield><subfield code="h">398.9951 C518p 1982</subfield><subfield code="z">Lon Diehl gift 5-90</subfield></datafield></record>