
<record><leader>01074cam a2200253 a 4500</leader><controlfield tag="008">861124s1982    cc       d    00100 chi d</controlfield><datafield ind1=" " ind2=" " tag="035"><subfield code="a">(CU-UC)dlaisn5551250</subfield></datafield><datafield ind1=" " ind2=" " tag="040"><subfield code="a">NYP</subfield><subfield code="c">NYP</subfield><subfield code="d">NOC</subfield><subfield code="d">PIT</subfield><subfield code="d">CLU</subfield><subfield code="d">TxDaGIAL</subfield></datafield><datafield ind1="1" ind2=" " tag="041"><subfield code="a">chieng</subfield></datafield><datafield ind1="0" ind2="0" tag="245"><subfield code="a">Han Ying ch&#703;eng yu tz&#703;u tien =</subfield><subfield code="b">A Chinese-English dictionary of idioms /</subfield><subfield code="c">Pei-ching wai kuo yu hsueh yuan Ying yu hsi tz&#703;u tien tsu pien.</subfield></datafield><datafield ind1="1" ind2="1" tag="246"><subfield code="a">Chinese-English dictionary of idioms.</subfield></datafield><datafield ind1="1" ind2=" " tag="246"><subfield code="i">Pinyin title:</subfield><subfield code="a">Han-Ying chengyu cidian</subfield></datafield><datafield ind1=" " ind2=" " tag="250"><subfield code="a">Ti 1 pan.</subfield></datafield><datafield ind1="0" ind2=" " tag="260"><subfield code="a">Pei-ching :</subfield><subfield code="b">Shang wu yin shu kuan :</subfield><subfield code="b">Hsin hua shu tien Pei-ching fa hsing so fa hsing,</subfield><subfield code="c">1982.</subfield></datafield><datafield ind1=" " ind2=" " tag="300"><subfield code="a">19, 465 p. ;</subfield><subfield code="c">19 cm.</subfield></datafield><datafield ind1=" " ind2=" " tag="500"><subfield code="a">Includes indexes.</subfield></datafield><datafield ind1=" " ind2=" " tag="546"><subfield code="a">Chinese and English.</subfield></datafield><datafield ind1=" " ind2="0" tag="650"><subfield code="a">Chinese language</subfield><subfield code="x">Idioms</subfield><subfield code="v">Dictionaries</subfield><subfield code="x">English.</subfield></datafield><datafield ind1="2" ind2="0" tag="710"><subfield code="a">Beijing wai guo yu xue yuan.</subfield><subfield code="b">Ying yu hsi tz&#703;u tien tsu.</subfield></datafield><datafield ind1=" " ind2=" " tag="035"><subfield code="a">(TxDaGIAL)37741100014872</subfield></datafield><controlfield tag="005">20080624162501.0</controlfield><controlfield tag="001">11285</controlfield><controlfield tag="003">TxDaGIAL</controlfield><datafield ind1=" " ind2=" " tag="852"><subfield code="p">37741100014872</subfield><subfield code="a">Library</subfield><subfield code="9">$0.00</subfield><subfield code="x">COPYID:13204</subfield><subfield code="x">FSC@aRegular@c19970203</subfield><subfield code="h">495.1321 C539 1982</subfield><subfield code="z">Lon Diehl gift 5-90</subfield></datafield></record>