
<record><leader>01303cam a2200253 a 4500</leader><controlfield tag="008">861103s1981    hk a     d    00000 chi d</controlfield><datafield ind1=" " ind2=" " tag="020"><subfield code="a">9620400984</subfield></datafield><datafield ind1=" " ind2=" " tag="035"><subfield code="a">(CU-UC)dlaisn5575161</subfield></datafield><datafield ind1=" " ind2=" " tag="040"><subfield code="a">NOC</subfield><subfield code="c">NOC</subfield><subfield code="d">m/c</subfield><subfield code="d">PIT</subfield><subfield code="d">OCoLC</subfield><subfield code="d">UAB</subfield><subfield code="d">CLU</subfield><subfield code="d">TxDaGIAL</subfield></datafield><datafield ind1="1" ind2=" " tag="041"><subfield code="a">chieng</subfield></datafield><datafield ind1="0" ind2="0" tag="245"><subfield code="a">Han Ying fen lei ch&#703;a t&#703;u tz&#703;u tien =</subfield><subfield code="b">a classified and illustrated Chinese-English dictionary /</subfield><subfield code="c">Kuang-chou wai kuo yu hsueh yuan &quot;Han Ying fen lei ch&#703;a t&#703;u tz&#703;u tien&quot; pien hsieh tsu pien = by the Compiling Group of a Classified and Illustrated Chinese-English Dictionary, Guangzhou Institute of Foreign Languages.</subfield></datafield><datafield ind1="1" ind2="1" tag="246"><subfield code="a">Classified and illustrated Chinese-English dictionary.</subfield></datafield><datafield ind1="1" ind2=" " tag="246"><subfield code="i">Pinyin title:</subfield><subfield code="a">Han-Ying fenlei chatu cidian</subfield></datafield><datafield ind1=" " ind2=" " tag="250"><subfield code="a">Ti 1 pan.</subfield></datafield><datafield ind1="0" ind2=" " tag="260"><subfield code="a">Hsiang-kang :</subfield><subfield code="b">Shenghuo, tushu, hsinchih san lien shu tien Hsiang-kang fen tien ;</subfield><subfield code="a">Kuang-chou shih :</subfield><subfield code="b">Kuang-tung jen min ch&#703;u pan she,</subfield><subfield code="c">1981.</subfield></datafield><datafield ind1=" " ind2=" " tag="300"><subfield code="a">vi, 897 p. :</subfield><subfield code="b">ill. ;</subfield><subfield code="c">20 cm.</subfield></datafield><datafield ind1=" " ind2=" " tag="546"><subfield code="a">Chinese and English.</subfield></datafield><datafield ind1=" " ind2="0" tag="650"><subfield code="a">Chinese language</subfield><subfield code="v">Dictionaries</subfield><subfield code="x">English.</subfield></datafield><datafield ind1="2" ind2="0" tag="710"><subfield code="a">Guangzhou wai guo yu xue yuan.</subfield></datafield><datafield ind1=" " ind2=" " tag="035"><subfield code="a">(TxDaGIAL)37741100014873</subfield></datafield><controlfield tag="005">20080624162501.0</controlfield><controlfield tag="001">11286</controlfield><controlfield tag="003">TxDaGIAL</controlfield><datafield ind1=" " ind2=" " tag="852"><subfield code="p">37741100014873</subfield><subfield code="a">Library</subfield><subfield code="9">$0.00</subfield><subfield code="x">COPYID:13205</subfield><subfield code="x">FSC@aRegular@c19970203</subfield><subfield code="h">495.1321 C614 1981</subfield><subfield code="z">Lon Diehl gift 4-88</subfield></datafield></record>