
<record><leader>01051cam a2200253 a 4500</leader><controlfield tag="008">881104r19851978cc          d   1   chi c</controlfield><datafield ind1=" " ind2=" " tag="010"><subfield code="a">   80835135 /C</subfield><subfield code="o">3926543</subfield></datafield><datafield ind1=" " ind2=" " tag="040"><subfield code="a">OTU</subfield><subfield code="b">eng</subfield><subfield code="d">TxDaGIAL</subfield></datafield><datafield ind1="1" ind2=" " tag="041"><subfield code="a">chieng</subfield></datafield><datafield ind1="1" ind2=" " tag="050"><subfield code="a">PL1455</subfield><subfield code="b">.P413 1978b</subfield></datafield><datafield ind1="0" ind2="0" tag="245"><subfield code="a">Han Ying tz&#703;u tien =</subfield><subfield code="b">A Chinese-English dictionary /</subfield><subfield code="c">Pei-ching wai kuo y&#252; hs&#252;eh y&#252;an Ying y&#252; hsi &quot;Han Ying tz&#703;u tien&quot; pien hsieh tsu pien.</subfield></datafield><datafield ind1="1" ind2="1" tag="246"><subfield code="a">Chinese-English dictionary.</subfield></datafield><datafield ind1="1" ind2=" " tag="246"><subfield code="i">Pinyin title:</subfield><subfield code="a">Han-Ying cidian</subfield></datafield><datafield ind1=" " ind2=" " tag="250"><subfield code="a">Ti 1 pan.</subfield></datafield><datafield ind1="0" ind2=" " tag="260"><subfield code="a">Pei-ching :</subfield><subfield code="b">Shang wu yin shu kuan :</subfield><subfield code="b">Hsin hua shu tien Pei-ching fa hsing so fa hsing,</subfield><subfield code="c">1978</subfield><subfield code="g">(1985 printing)</subfield></datafield><datafield ind1=" " ind2=" " tag="300"><subfield code="a">31, 976 p. ;</subfield><subfield code="c">27 cm.</subfield></datafield><datafield ind1=" " ind2=" " tag="546"><subfield code="a">Chinese and English.</subfield></datafield><datafield ind1=" " ind2="0" tag="650"><subfield code="a">Chinese language</subfield><subfield code="v">Dictionaries</subfield><subfield code="x">English.</subfield></datafield><datafield ind1="2" ind2="0" tag="710"><subfield code="a">Beijing wai guo yu xue yuan.</subfield><subfield code="b">"Han Ying ci dian" bian xie zu.</subfield></datafield><datafield ind1=" " ind2=" " tag="035"><subfield code="a">(TxDaGIAL)37741100021774</subfield></datafield><controlfield tag="005">20080624162501.0</controlfield><controlfield tag="001">11288</controlfield><controlfield tag="003">TxDaGIAL</controlfield><datafield ind1=" " ind2=" " tag="852"><subfield code="p">37741100021774</subfield><subfield code="a">Library</subfield><subfield code="x">COPYID:13207</subfield><subfield code="x">FSC@aRegular@c19971112</subfield><subfield code="h">495.1321 H233 1985</subfield><subfield code="z">Lon Diehl gift</subfield></datafield></record>