
<record><leader>01018cam a2200265 a 4500</leader><controlfield tag="008">910819t19691947hiu      d    000 0 eng d</controlfield><datafield ind1=" " ind2=" " tag="040"><subfield code="d">TxDaGIAL</subfield></datafield><datafield ind1="1" ind2=" " tag="041"><subfield code="a">engjap</subfield></datafield><datafield ind1="0" ind2="4" tag="050"><subfield code="a">PL679</subfield><subfield code="b">.K6 1969</subfield></datafield><datafield ind1="0" ind2="0" tag="082"><subfield code="a">495.632</subfield></datafield><datafield ind1="1" ind2="0" tag="100"><subfield code="a">Kondo, Kikujiro Clifferd.</subfield></datafield><datafield ind1="1" ind2="0" tag="245"><subfield code="a">Romanized English-Japanese dictionary, with Chinese characters /</subfield><subfield code="c">by Kikujiro Clifferd Kondo.</subfield></datafield><datafield ind1="1" ind2="4" tag="246"><subfield code="a">Kondo's romanized English-Japanese dictionary with Chinese characters.</subfield></datafield><datafield ind1="1" ind2="8" tag="246"><subfield code="a">Dr. Kondo's romanized English-Japanese dictionary with Chinese characters.</subfield></datafield><datafield ind1="1" ind2=" " tag="246"><subfield code="a">R&#333;maji Ei-Wa jiten.</subfield></datafield><datafield ind1=" " ind2=" " tag="250"><subfield code="a">5th ed.</subfield></datafield><datafield ind1="0" ind2=" " tag="260"><subfield code="a">Honolulu :</subfield><subfield code="b">Distributor Hakubundo Book Co.,</subfield><subfield code="c">1969, c1947.</subfield></datafield><datafield ind1=" " ind2=" " tag="300"><subfield code="a">vii, 549 p. ;</subfield><subfield code="c">19 cm.</subfield></datafield><datafield ind1=" " ind2=" " tag="546"><subfield code="a">English and Japanese with Chinese characters.</subfield></datafield><datafield ind1=" " ind2="0" tag="650"><subfield code="a">English language</subfield><subfield code="v">Dictionaries</subfield><subfield code="x">Japanese.</subfield></datafield><datafield ind1=" " ind2=" " tag="035"><subfield code="a">(TxDaGIAL)37741100015385</subfield></datafield><controlfield tag="005">20080624162502.0</controlfield><controlfield tag="001">11295</controlfield><controlfield tag="003">TxDaGIAL</controlfield><datafield ind1=" " ind2=" " tag="852"><subfield code="p">37741100015385</subfield><subfield code="a">Library</subfield><subfield code="x">COPYID:13215</subfield><subfield code="x">FSC@aRegular@c19970224</subfield><subfield code="h">423.956 K82r 1969</subfield><subfield code="z">1251</subfield></datafield></record>