
<record><leader>01235cam a2200289 a 4500</leader><controlfield tag="008">860121s1984    cc a     d    00000 chi  </controlfield><datafield ind1=" " ind2=" " tag="010"><subfield code="a">   85208531 /ACN</subfield></datafield><datafield ind1=" " ind2=" " tag="035"><subfield code="a">(CU-UC)dlaisn5522260</subfield></datafield><datafield ind1=" " ind2=" " tag="040"><subfield code="a">DLC</subfield><subfield code="c">DLC</subfield><subfield code="d">CLU</subfield><subfield code="d">TxDaGIAL</subfield></datafield><datafield ind1="1" ind2=" " tag="041"><subfield code="a">chieng</subfield></datafield><datafield ind1="0" ind2=" " tag="050"><subfield code="a">PL1455</subfield><subfield code="b">.Y664 1984</subfield></datafield><datafield ind1="0" ind2="4" tag="082"><subfield code="a">423.951</subfield><subfield code="2">21</subfield></datafield><datafield ind1="0" ind2="0" tag="245"><subfield code="a">Ying Han t&#703;u wen tui chao tz&#703;u tien =</subfield><subfield code="b">English-Chinese pictorial dictionary /</subfield><subfield code="c">&quot;Ying Han t&#703;u wen tui chao tz&#703;u tien&quot; fan i tsu.</subfield></datafield><datafield ind1="1" ind2="1" tag="246"><subfield code="a">English-Chinese pictorial dictionary.</subfield></datafield><datafield ind1="1" ind2=" " tag="246"><subfield code="i">Pinyin title:</subfield><subfield code="a">Ying-Han tuwen duizhao cidian</subfield></datafield><datafield ind1=" " ind2=" " tag="250"><subfield code="a">Ti 1 pan.</subfield></datafield><datafield ind1="0" ind2=" " tag="260"><subfield code="a">Shang-hai :</subfield><subfield code="b">Shang-hai k&#703;o hsueh chi shu ch&#703;u pan she :</subfield><subfield code="b">Hsin hua shu tien Shang-hai fa hsing so fa hsing,</subfield><subfield code="c">1984.</subfield></datafield><datafield ind1=" " ind2=" " tag="300"><subfield code="a">818 p. :</subfield><subfield code="b">ill. ;</subfield><subfield code="c">19 cm.</subfield></datafield><datafield ind1=" " ind2=" " tag="546"><subfield code="a">Chinese and English.</subfield></datafield><datafield ind1=" " ind2="0" tag="650"><subfield code="a">English language</subfield><subfield code="v">Dictionaries</subfield><subfield code="x">Chinese.</subfield></datafield><datafield ind1=" " ind2="0" tag="650"><subfield code="a">Picture dictionaries, English.</subfield></datafield><datafield ind1=" " ind2=" " tag="035"><subfield code="a">(TxDaGIAL)37741100014875</subfield></datafield><controlfield tag="005">20080624162503.0</controlfield><controlfield tag="001">11299</controlfield><controlfield tag="003">TxDaGIAL</controlfield><datafield ind1=" " ind2=" " tag="852"><subfield code="p">37741100014875</subfield><subfield code="a">Library</subfield><subfield code="9">$0.00</subfield><subfield code="x">COPYID:13219</subfield><subfield code="x">FSC@aRegular@c19970203</subfield><subfield code="h">423.951 Y51 1984</subfield><subfield code="z">Lon Diehl gift 5-90</subfield></datafield><datafield ind1=" " ind2=" " tag="852"><subfield code="p">37741100014876</subfield><subfield code="a">Library</subfield><subfield code="9">$0.00</subfield><subfield code="x">COPYID:13220</subfield><subfield code="x">FSC@aRegular@c19970203</subfield><subfield code="h">423.951 Y51 1984</subfield><subfield code="z">Lon Diehl gift 5-90</subfield></datafield></record>