
<record><leader>01036cam a2200277 a 4500</leader><controlfield tag="008">940810s1984    hk       db   00010 chi d</controlfield><datafield ind1=" " ind2=" " tag="020"><subfield code="a">9620700600</subfield></datafield><datafield ind1=" " ind2=" " tag="035"><subfield code="a">(CU-UC)dlaisn5551333</subfield></datafield><datafield ind1=" " ind2=" " tag="040"><subfield code="a">DLC</subfield><subfield code="c">HU</subfield><subfield code="d">HU</subfield><subfield code="d">TxDaGIAL</subfield></datafield><datafield ind1="1" ind2=" " tag="041"><subfield code="a">engchi</subfield></datafield><datafield ind1="1" ind2=" " tag="100"><subfield code="a">Zheng, Yili.</subfield></datafield><datafield ind1="1" ind2="0" tag="245"><subfield code="a">Ying Hua ta tz&#703;u tien =</subfield><subfield code="b">a new English-Chinese dictionary /</subfield><subfield code="c">y&#252;an pien che Cheng I-li, Ts&#703;ao Ch&#703;eng-hsiu ; hsiu ting che Cheng I-li ... [et al.].</subfield></datafield><datafield ind1="1" ind2="1" tag="246"><subfield code="a">A new English-Chinese dictionary</subfield></datafield><datafield ind1="1" ind2=" " tag="246"><subfield code="i">Pinyin title:</subfield><subfield code="a">Ying-Hua da cidian</subfield></datafield><datafield ind1=" " ind2=" " tag="250"><subfield code="a">Hsiu ting ti 2 pan.</subfield></datafield><datafield ind1=" " ind2=" " tag="260"><subfield code="a">Hsiang-kang :</subfield><subfield code="b">Shang wu yin shu kuan,</subfield><subfield code="c">1984.</subfield></datafield><datafield ind1=" " ind2=" " tag="300"><subfield code="a">vii, [1], 1613 p. ;</subfield><subfield code="c">27 cm.</subfield></datafield><datafield ind1=" " ind2=" " tag="504"><subfield code="a">Bibliography: p. 1 of 2nd group.</subfield></datafield><datafield ind1=" " ind2=" " tag="546"><subfield code="a">Chinese.</subfield></datafield><datafield ind1=" " ind2="0" tag="650"><subfield code="a">English language</subfield><subfield code="v">Dictionaries</subfield><subfield code="x">Chinese.</subfield></datafield><datafield ind1="1" ind2="0" tag="700"><subfield code="a">Cao, Chengxiu.</subfield></datafield><datafield ind1=" " ind2=" " tag="035"><subfield code="a">(TxDaGIAL)37741100014882</subfield></datafield><controlfield tag="005">20080624162503.0</controlfield><controlfield tag="001">11300</controlfield><controlfield tag="003">TxDaGIAL</controlfield><datafield ind1=" " ind2=" " tag="852"><subfield code="p">37741100014882</subfield><subfield code="a">Library</subfield><subfield code="9">$0.00</subfield><subfield code="x">COPYID:13221</subfield><subfield code="x">FSC@aRegular@c19970203</subfield><subfield code="h">423.951 C518y 1984</subfield><subfield code="z">Lon Diehl gift 6-90</subfield></datafield></record>