
<record><leader>01081nam a2200241Ia 4500</leader><controlfield tag="008">980130s1997    ne a          100 0 eng d</controlfield><datafield ind1=" " ind2=" " tag="040"><subfield code="a">TxDaGIAL</subfield><subfield code="c">TxDaGIAL</subfield></datafield><datafield ind1="1" ind2=" " tag="100"><subfield code="a">Quakenbush, John Stephen.</subfield></datafield><datafield ind1="1" ind2="0" tag="245"><subfield code="a">Writing Agutaynen pronouns :</subfield><subfield code="b">making the most of a mixed-up world /</subfield><subfield code="c">J. Stephen Quakenbush.</subfield></datafield><datafield ind1=" " ind2=" " tag="260"><subfield code="a">[Amsterdam ;</subfield><subfield code="a">Atlanta, Ga. :</subfield><subfield code="b">Rodopi,</subfield><subfield code="c">1997]</subfield></datafield><datafield ind1=" " ind2=" " tag="300"><subfield code="a">p. [685]-694 :</subfield><subfield code="b">ill. ;</subfield><subfield code="c">22 cm.</subfield></datafield><datafield ind1=" " ind2=" " tag="500"><subfield code="a">Offprint: Od&#233;, Cecilia &amp; Wim Stokhof, eds., Proceedings of the seventh International Conference on Austronesian Linguistics: 685-694, [1997]</subfield></datafield><datafield ind1=" " ind2=" " tag="504"><subfield code="a">Bibliography: p. 694.</subfield></datafield><datafield ind1=" " ind2="0" tag="650"><subfield code="a">Agutaynon language</subfield><subfield code="x">Pronouns.</subfield></datafield><datafield ind1="1" ind2=" " tag="700"><subfield code="a">Od&#233;, Cecilia.</subfield></datafield><datafield ind1="1" ind2=" " tag="700"><subfield code="a">Stokhof, W. A. L.</subfield></datafield><datafield ind1="2" ind2=" " tag="710"><subfield code="a">Rijksuniversiteit te Leiden.</subfield><subfield code="b">Vakgroep Talen en Culturen van Zuidoost-Azi&#235; en Oceani&#235;.</subfield></datafield><datafield ind1="2" ind2=" " tag="711"><subfield code="a">International Conference on Austronesian Linguistics</subfield><subfield code="n">(7th :</subfield><subfield code="d">1994 :</subfield><subfield code="c">Leiden)])</subfield></datafield><datafield ind1=" " ind2=" " tag="035"><subfield code="a">(TxDaGIAL)37741400001223</subfield></datafield><controlfield tag="005">20080624162503.0</controlfield><controlfield tag="001">11303</controlfield><controlfield tag="003">TxDaGIAL</controlfield><datafield ind1=" " ind2=" " tag="852"><subfield code="p">37741400001223</subfield><subfield code="a">Library</subfield><subfield code="9">$0.00</subfield><subfield code="x">COPYID:13224</subfield><subfield code="x">FSC@aVertFile@c19990325</subfield><subfield code="h">FILE</subfield></datafield></record>