
<record><leader>00831nam a2200205 a 4500</leader><controlfield tag="008">990527s1961    mdua     b    000 0 eng d</controlfield><datafield ind1=" " ind2=" " tag="040"><subfield code="a">TxDaGIAL</subfield><subfield code="c">TxDaGIAL</subfield></datafield><datafield ind1="1" ind2=" " tag="100"><subfield code="a">Pike, Kenneth Lee,</subfield><subfield code="d">1912-</subfield></datafield><datafield ind1="1" ind2="0" tag="245"><subfield code="a">Compound affixes in Ocaina /</subfield><subfield code="c">Kenneth L. Pike.</subfield></datafield><datafield ind1=" " ind2=" " tag="260"><subfield code="a">Baltimore :</subfield><subfield code="b">Waverly,</subfield><subfield code="c">1961.</subfield></datafield><datafield ind1=" " ind2=" " tag="300"><subfield code="a">P. 570-581 :</subfield><subfield code="b">ill. ;</subfield><subfield code="c">26 cm.</subfield></datafield><datafield ind1=" " ind2=" " tag="504"><subfield code="a">Includes bibliographical references.</subfield></datafield><datafield ind1=" " ind2=" " tag="500"><subfield code="a">Offprint: Language 37(4):570-581, 1961.</subfield></datafield><datafield ind1=" " ind2="0" tag="650"><subfield code="a">Ocaina language</subfield><subfield code="x">Grammar.</subfield></datafield><datafield ind1=" " ind2=" " tag="035"><subfield code="a">(TxDaGIAL)37741400001142</subfield></datafield><controlfield tag="005">20080624162505.0</controlfield><controlfield tag="001">11316</controlfield><controlfield tag="003">TxDaGIAL</controlfield><datafield ind1=" " ind2=" " tag="852"><subfield code="p">37741400001142</subfield><subfield code="a">Library</subfield><subfield code="b">Kenneth L. Pike Coll</subfield><subfield code="9">$0.00</subfield><subfield code="x">COPYID:13244</subfield><subfield code="x">FSC@aVertFile@c19990630</subfield><subfield code="h">FILE</subfield><subfield code="z">Gift, K.L. Pike</subfield></datafield><datafield ind1=" " ind2=" " tag="852"><subfield code="p">37741400001143</subfield><subfield code="a">Library</subfield><subfield code="b">Kenneth L. Pike Coll</subfield><subfield code="9">$0.00</subfield><subfield code="x">COPYID:13245</subfield><subfield code="x">FSC@aVertFile@c19990630</subfield><subfield code="h">FILE</subfield><subfield code="z">Gift, K.L. Pike</subfield></datafield></record>