
<record><leader>00951nam a2200229 a 4500</leader><controlfield tag="008">990607s1961    mx       b    010 0 eng d</controlfield><datafield ind1=" " ind2=" " tag="040"><subfield code="a">TxDaGIAL</subfield><subfield code="c">TxDaGIAL</subfield></datafield><datafield ind1="1" ind2=" " tag="100"><subfield code="a">Pike, Kenneth Lee,</subfield><subfield code="d">1912-</subfield></datafield><datafield ind1="1" ind2="0" tag="245"><subfield code="a">Huave: a study in syntactic tone with low lexical functional load /</subfield><subfield code="c">by Kenneth L. Pike and Milton Warkentin.</subfield></datafield><datafield ind1=" " ind2=" " tag="260"><subfield code="a">[Mexico],</subfield><subfield code="c">[1961]</subfield></datafield><datafield ind1=" " ind2=" " tag="300"><subfield code="a">p. 627-642 ;</subfield><subfield code="c">22 cm.</subfield></datafield><datafield ind1=" " ind2=" " tag="504"><subfield code="a">Includes bibliographical references.</subfield></datafield><datafield ind1=" " ind2=" " tag="500"><subfield code="a">Offprint: A William Cameron Townsend en el vig&#233;simoquinto aniversario del Instituto Ling&#252;&#237;stico de Verano: 627-642, [1961]</subfield></datafield><datafield ind1=" " ind2="0" tag="650"><subfield code="a">Huave language</subfield><subfield code="x">Tone.</subfield></datafield><datafield ind1=" " ind2="0" tag="650"><subfield code="a">Huave language</subfield><subfield code="x">Syntax.</subfield></datafield><datafield ind1="1" ind2="0" tag="700"><subfield code="a">Warkentin, Milton.</subfield></datafield><datafield ind1="1" ind2="0" tag="700"><subfield code="a">Townsend, William Cameron,</subfield><subfield code="d">1896-</subfield></datafield><datafield ind1=" " ind2=" " tag="035"><subfield code="a">(TxDaGIAL)37741400001195</subfield></datafield><controlfield tag="005">20080624162506.0</controlfield><controlfield tag="001">11331</controlfield><controlfield tag="003">TxDaGIAL</controlfield><datafield ind1=" " ind2=" " tag="852"><subfield code="p">37741400001195</subfield><subfield code="a">Library</subfield><subfield code="b">Kenneth L. Pike Coll</subfield><subfield code="9">$0.00</subfield><subfield code="x">COPYID:13268</subfield><subfield code="x">FSC@aVertFile@c19990715</subfield><subfield code="h">FILE</subfield><subfield code="z">Gift, K.L. Pike</subfield></datafield></record>