
<record><leader>01091nam a2200241 a 4500</leader><controlfield tag="008">990607s1971    xx a    rb    100 0 eng d</controlfield><datafield ind1=" " ind2=" " tag="040"><subfield code="a">TxDaGIAL</subfield><subfield code="c">TxDaGIAL</subfield></datafield><datafield ind1="1" ind2=" " tag="100"><subfield code="a">Pike, Kenneth Lee,</subfield><subfield code="d">1912-</subfield></datafield><datafield ind1="1" ind2="0" tag="245"><subfield code="a">Indirect versus direct discourse in Bariba /</subfield><subfield code="c">Kenneth L. Pike.</subfield></datafield><datafield ind1=" " ind2=" " tag="260"><subfield code="c">[c1968]</subfield></datafield><datafield ind1=" " ind2=" " tag="300"><subfield code="a">p. 165-173 :</subfield><subfield code="b">ill. ;</subfield><subfield code="c">22 cm.</subfield></datafield><datafield ind1=" " ind2=" " tag="504"><subfield code="a">Includes bibliographical references.</subfield></datafield><datafield ind1=" " ind2=" " tag="500"><subfield code="a">Photocopy from: Zale, Eric M., ed., Proceedings of the conference on language and language behavior: 165-173, c1968.</subfield></datafield><datafield ind1=" " ind2=" " tag="500"><subfield code="a">Originally published by Appleton-Century-Crofts, New York.</subfield></datafield><datafield ind1=" " ind2=" " tag="500"><subfield code="a">"The Center for Research on Language and Language Behavior, Ann Arbor, Michigan, October 17-18, 1986"--t.p. of original.</subfield></datafield><datafield ind1=" " ind2="0" tag="650"><subfield code="a">Bariba language.</subfield></datafield><datafield ind1=" " ind2="0" tag="650"><subfield code="a">Quotation.</subfield></datafield><datafield ind1="1" ind2=" " tag="711"><subfield code="a">Conference on Language and Language Behavior</subfield><subfield code="d">(1966 :</subfield><subfield code="c">Ann Arbor, Mich.)</subfield></datafield><datafield ind1=" " ind2=" " tag="035"><subfield code="a">(TxDaGIAL)37741400001207</subfield></datafield><controlfield tag="005">20080624162507.0</controlfield><controlfield tag="001">11335</controlfield><controlfield tag="003">TxDaGIAL</controlfield><datafield ind1=" " ind2=" " tag="852"><subfield code="p">37741400001207</subfield><subfield code="a">Library</subfield><subfield code="b">Kenneth L. Pike Coll</subfield><subfield code="9">$0.00</subfield><subfield code="x">COPYID:13274</subfield><subfield code="x">FSC@aVertFile@c19990716</subfield><subfield code="h">FILE</subfield><subfield code="z">Gift, K.L. Pike</subfield></datafield></record>