
<record><leader>00834cam a22002291  4500</leader><controlfield tag="008">700928s1968    nyu           00010 eng  </controlfield><datafield ind1=" " ind2=" " tag="010"><subfield code="a">   68019525 //r85</subfield></datafield><datafield ind1=" " ind2=" " tag="040"><subfield code="a">DLC</subfield><subfield code="c">DLC</subfield></datafield><datafield ind1="0" ind2=" " tag="041"><subfield code="a">engpor</subfield></datafield><datafield ind1="0" ind2=" " tag="050"><subfield code="a">PC5145</subfield><subfield code="b">.N5</subfield></datafield><datafield ind1=" " ind2=" " tag="082"><subfield code="a">469/.8/2421</subfield></datafield><datafield ind1="1" ind2="0" tag="100"><subfield code="a">Nitti, John J.</subfield></datafield><datafield ind1="1" ind2="0" tag="245"><subfield code="a">201 Portuguese verbs fully conjugated in all the tenses, alphabetically arranged /</subfield><subfield code="c">[by] John J. Nitti.</subfield></datafield><datafield ind1="0" ind2=" " tag="260"><subfield code="a">Woodbury, N.Y. :</subfield><subfield code="b">Barron's Educational Series, inc.,</subfield><subfield code="c">[1968]</subfield></datafield><datafield ind1=" " ind2=" " tag="300"><subfield code="a">xxx, 212 p. ;</subfield><subfield code="c">21 cm.</subfield></datafield><datafield ind1=" " ind2=" " tag="500"><subfield code="a">English and Portuguese.</subfield></datafield><datafield ind1=" " ind2="0" tag="650"><subfield code="a">Portuguese language</subfield><subfield code="x">Verb</subfield><subfield code="v">Tables.</subfield></datafield><datafield ind1=" " ind2=" " tag="035"><subfield code="a">(TxDaGIAL)37741100003981</subfield></datafield><controlfield tag="005">20080624162532.0</controlfield><controlfield tag="001">11436</controlfield><controlfield tag="003">TxDaGIAL</controlfield><datafield ind1=" " ind2=" " tag="852"><subfield code="p">37741100003981</subfield><subfield code="a">Library</subfield><subfield code="b">James E. Redden Coll</subfield><subfield code="9">$0.00</subfield><subfield code="x">COPYID:13389</subfield><subfield code="x">FSC@aRegular@c19950505</subfield><subfield code="h">469.82421 N733 1974</subfield><subfield code="z">Gift J.E. Redden 7-92</subfield></datafield></record>