
<record><leader>00813nam a2200253   4500</leader><controlfield tag="008">720718s1972    ne       b    00000 eng  </controlfield><datafield ind1=" " ind2=" " tag="010"><subfield code="a">   72183170</subfield></datafield><datafield ind1=" " ind2=" " tag="015"><subfield code="a">Ne72-1</subfield></datafield><datafield ind1=" " ind2=" " tag="040"><subfield code="a">DLC</subfield><subfield code="c">DLC</subfield><subfield code="d">TxDaGIAL</subfield></datafield><datafield ind1="0" ind2=" " tag="050"><subfield code="a">PC4315.R4</subfield><subfield code="b">S3</subfield></datafield><datafield ind1=" " ind2=" " tag="082"><subfield code="a">465</subfield></datafield><datafield ind1="1" ind2="0" tag="100"><subfield code="a">Schroten, Jan.</subfield></datafield><datafield ind1="1" ind2="0" tag="245"><subfield code="a">Concerning the deep structures of Spanish reflexive sentences.</subfield></datafield><datafield ind1="0" ind2=" " tag="260"><subfield code="a">The Hague :</subfield><subfield code="b">Mouton,</subfield><subfield code="c">1972.</subfield></datafield><datafield ind1=" " ind2=" " tag="300"><subfield code="a">122 p. ;</subfield><subfield code="c">26 cm.</subfield></datafield><datafield ind1=" " ind2="0" tag="440"><subfield code="a">Janua linguarum.</subfield><subfield code="p">Series practica ;</subfield><subfield code="v">173</subfield></datafield><datafield ind1=" " ind2=" " tag="502"><subfield code="a">Proefschrift--Utrecht.</subfield></datafield><datafield ind1=" " ind2=" " tag="504"><subfield code="a">Bibliography: p. [121]-122.</subfield></datafield><datafield ind1=" " ind2="0" tag="650"><subfield code="a">Spanish language</subfield><subfield code="x">Verb.</subfield></datafield><datafield ind1=" " ind2=" " tag="035"><subfield code="a">(TxDaGIAL)37741100003969</subfield></datafield><controlfield tag="005">20080624162535.0</controlfield><controlfield tag="001">11446</controlfield><controlfield tag="003">TxDaGIAL</controlfield><datafield ind1=" " ind2=" " tag="852"><subfield code="p">37741100003969</subfield><subfield code="a">Library</subfield><subfield code="9">$0.00</subfield><subfield code="x">COPYID:13401</subfield><subfield code="x">FSC@aRegular@c19950505</subfield><subfield code="h">465 S382c 1972</subfield><subfield code="z">orig. acc. no. 3850</subfield></datafield></record>