
<record><leader>01076nam a2200265   4500</leader><controlfield tag="008">721115s1972    ilu      b    00110 eng  </controlfield><datafield ind1=" " ind2=" " tag="010"><subfield code="a">   79167939</subfield></datafield><datafield ind1=" " ind2=" " tag="020"><subfield code="a">0226511219</subfield></datafield><datafield ind1=" " ind2=" " tag="040"><subfield code="a">DLC</subfield><subfield code="c">DLC</subfield></datafield><datafield ind1="1" ind2=" " tag="041"><subfield code="a">engpor</subfield></datafield><datafield ind1="0" ind2=" " tag="050"><subfield code="a">PC5043</subfield><subfield code="b">.C27</subfield></datafield><datafield ind1=" " ind2=" " tag="082"><subfield code="a">469/.5</subfield></datafield><datafield ind1="1" ind2="0" tag="100"><subfield code="a">C&#226;mara, Joaquim Mattoso.</subfield></datafield><datafield ind1="1" ind2="4" tag="245"><subfield code="a">The Portuguese language. /</subfield><subfield code="c">Translated by Anthony J. Naro. With an analytical bibliography of the writings of Joaquim Mattoso Camara, Jr., compiled by Anthony J. Naro and John Reighard.</subfield></datafield><datafield ind1="0" ind2=" " tag="260"><subfield code="a">Chicago :</subfield><subfield code="b">University of Chicago Press,</subfield><subfield code="c">[1972]</subfield></datafield><datafield ind1=" " ind2=" " tag="300"><subfield code="a">xiii, 270 p. ;</subfield><subfield code="c">24 cm.</subfield></datafield><datafield ind1="0" ind2=" " tag="490"><subfield code="a">History and structure of languages</subfield></datafield><datafield ind1=" " ind2=" " tag="504"><subfield code="a">Includes bibliographies.</subfield></datafield><datafield ind1=" " ind2="0" tag="650"><subfield code="a">Portuguese language.</subfield></datafield><datafield ind1=" " ind2=" " tag="035"><subfield code="a">(TxDaGIAL)37741100003983</subfield></datafield><controlfield tag="005">20080624162542.0</controlfield><controlfield tag="001">11467</controlfield><controlfield tag="003">TxDaGIAL</controlfield><datafield ind1=" " ind2=" " tag="852"><subfield code="p">37741100003983</subfield><subfield code="a">Library</subfield><subfield code="b">James E. Redden Coll</subfield><subfield code="9">$0.00</subfield><subfield code="x">COPYID:13425</subfield><subfield code="x">FSC@aRegular@c19950505</subfield><subfield code="h">469.5 C172p 1972</subfield><subfield code="z">Gift J.E. Redden 3-92</subfield></datafield><datafield ind1=" " ind2=" " tag="852"><subfield code="p">37741100003982</subfield><subfield code="a">Library</subfield><subfield code="9">$0.00</subfield><subfield code="x">COPYID:13426</subfield><subfield code="x">FSC@aRegular@c19950505</subfield><subfield code="h">469.5 C172p 1972</subfield><subfield code="z">3441</subfield></datafield></record>