
<record><leader>00763cam a2200229 i 4500</leader><controlfield tag="008">791119s1972    nyu           00010 eng  </controlfield><datafield ind1=" " ind2=" " tag="020"><subfield code="a">0070554307</subfield></datafield><datafield ind1=" " ind2=" " tag="040"><subfield code="a">DLC</subfield><subfield code="c">DLC</subfield><subfield code="d">DLC</subfield><subfield code="d">TxDaGIAL</subfield></datafield><datafield ind1="1" ind2="0" tag="050"><subfield code="a">PC4112</subfield><subfield code="b">.S36</subfield></datafield><datafield ind1="0" ind2="0" tag="082"><subfield code="a">468/.2/421</subfield></datafield><datafield ind1="1" ind2="0" tag="100"><subfield code="a">Schmitt, Conrad J.</subfield></datafield><datafield ind1="1" ind2="0" tag="245"><subfield code="a">Schaum's outline of Spanish grammar /</subfield><subfield code="c">by Conrad J. Schmitt.</subfield></datafield><datafield ind1="0" ind2=" " tag="260"><subfield code="a">New York :</subfield><subfield code="b">McGraw-Hill,</subfield><subfield code="c">c1972.</subfield></datafield><datafield ind1=" " ind2=" " tag="300"><subfield code="a">172 p. ;</subfield><subfield code="c">28 cm.</subfield></datafield><datafield ind1=" " ind2="0" tag="440"><subfield code="a">Schaum's outline series</subfield></datafield><datafield ind1=" " ind2=" " tag="500"><subfield code="a">Cover title: Spanish grammar.</subfield></datafield><datafield ind1=" " ind2="0" tag="650"><subfield code="a">Spanish language</subfield><subfield code="x">Grammar.</subfield></datafield><datafield ind1=" " ind2=" " tag="035"><subfield code="a">(TxDaGIAL)37741100003980</subfield></datafield><controlfield tag="005">20080624162543.0</controlfield><controlfield tag="001">11471</controlfield><controlfield tag="003">TxDaGIAL</controlfield><datafield ind1=" " ind2=" " tag="852"><subfield code="p">37741100003980</subfield><subfield code="a">Library</subfield><subfield code="9">$0.00</subfield><subfield code="x">COPYID:13431</subfield><subfield code="x">FSC@aRegular@c19950505</subfield><subfield code="h">468.2421 S355s 1972</subfield><subfield code="z">Gift Rudy Renfer 4-93</subfield></datafield></record>