
<record><leader>00932cam a2200265 i 4500</leader><controlfield tag="008">760423s1976    maua     b    00100 eng  </controlfield><datafield ind1=" " ind2=" " tag="010"><subfield code="a">   76015556 //r852</subfield></datafield><datafield ind1=" " ind2=" " tag="020"><subfield code="a">088377058X</subfield></datafield><datafield ind1=" " ind2=" " tag="040"><subfield code="a">DLC</subfield><subfield code="c">DLC</subfield></datafield><datafield ind1="0" ind2=" " tag="050"><subfield code="a">PC4829.S6</subfield><subfield code="b">S8</subfield></datafield><datafield ind1=" " ind2=" " tag="082"><subfield code="a">467/.9/79</subfield></datafield><datafield ind1="0" ind2="0" tag="245"><subfield code="a">Studies in Southwest Spanish /</subfield><subfield code="c">editors, J. Donald Bowen, Jacob Ornstein.</subfield></datafield><datafield ind1="0" ind2=" " tag="260"><subfield code="a">Rowley, Mass. :</subfield><subfield code="b">Newbury House Publishers,</subfield><subfield code="c">c1976.</subfield></datafield><datafield ind1=" " ind2=" " tag="300"><subfield code="a">vii, 206 p. :</subfield><subfield code="b">ill. ;</subfield><subfield code="c">24 cm.</subfield></datafield><datafield ind1=" " ind2="0" tag="440"><subfield code="a">Series in sociolinguistics.</subfield></datafield><datafield ind1=" " ind2=" " tag="504"><subfield code="a">Bibliography: p. 189-195.</subfield></datafield><datafield ind1=" " ind2=" " tag="500"><subfield code="a">Includes index.</subfield></datafield><datafield ind1=" " ind2="0" tag="650"><subfield code="a">Spanish language</subfield><subfield code="x">Dialects</subfield><subfield code="z">Southwestern States.</subfield></datafield><datafield ind1="1" ind2="0" tag="700"><subfield code="a">Bowen, J. Donald</subfield><subfield code="q">(Jean Donald),</subfield><subfield code="d">1922-</subfield></datafield><datafield ind1="1" ind2="0" tag="700"><subfield code="a">Ornstein-Galicia, Jacob,</subfield><subfield code="d">1915-</subfield></datafield><datafield ind1=" " ind2=" " tag="035"><subfield code="a">(TxDaGIAL)37741100003975</subfield></datafield><controlfield tag="005">20080624162545.0</controlfield><controlfield tag="001">11477</controlfield><controlfield tag="003">TxDaGIAL</controlfield><datafield ind1=" " ind2=" " tag="852"><subfield code="p">37741100003975</subfield><subfield code="a">Library</subfield><subfield code="9">$0.00</subfield><subfield code="x">COPYID:13438</subfield><subfield code="x">FSC@aRegular@c19950505</subfield><subfield code="h">467.979 S933b 1976</subfield><subfield code="z">4894</subfield></datafield></record>