
<record><leader>01067pam a2200289 a 4500</leader><controlfield tag="008">820729s1982    dcua     b    00010 eng  </controlfield><datafield ind1=" " ind2=" " tag="010"><subfield code="a">   82012122</subfield></datafield><datafield ind1=" " ind2=" " tag="020"><subfield code="a">0878400842 (pbk.) :</subfield><subfield code="c">$15.95 (est.)</subfield></datafield><datafield ind1=" " ind2=" " tag="040"><subfield code="a">DLC</subfield><subfield code="c">DLC</subfield></datafield><datafield ind1="0" ind2=" " tag="050"><subfield code="a">PC4369</subfield><subfield code="b">.S9 1982</subfield></datafield><datafield ind1="0" ind2=" " tag="082"><subfield code="a">465</subfield><subfield code="2">19</subfield></datafield><datafield ind1="1" ind2="0" tag="100"><subfield code="a">Su&#241;er, Margarita.</subfield></datafield><datafield ind1="1" ind2="0" tag="245"><subfield code="a">Syntax and semantics of Spanish presentational sentence-types /</subfield><subfield code="c">Margarita Su&#241;er.</subfield></datafield><datafield ind1="0" ind2=" " tag="260"><subfield code="a">Washington, D.C. :</subfield><subfield code="b">Georgetown University Press,</subfield><subfield code="c">c1982.</subfield></datafield><datafield ind1=" " ind2=" " tag="300"><subfield code="a">xi, 371 p. :</subfield><subfield code="b">ill. ;</subfield><subfield code="c">23 cm.</subfield></datafield><datafield ind1=" " ind2=" " tag="504"><subfield code="a">Bibliography: p. 360-370.</subfield></datafield><datafield ind1=" " ind2="0" tag="650"><subfield code="a">Spanish language</subfield><subfield code="x">Syntax.</subfield></datafield><datafield ind1=" " ind2="0" tag="650"><subfield code="a">Spanish language</subfield><subfield code="x">Semantics.</subfield></datafield><datafield ind1=" " ind2="0" tag="650"><subfield code="a">Spanish language</subfield><subfield code="x">Discourse analysis.</subfield></datafield><datafield ind1=" " ind2="0" tag="650"><subfield code="a">Spanish language</subfield><subfield code="x">Existential constructions.</subfield></datafield><datafield ind1=" " ind2="0" tag="650"><subfield code="a">Spanish language</subfield><subfield code="x">Topic and comment.</subfield></datafield><datafield ind1="0" ind2="1" tag="740"><subfield code="a">Presentational sentence-types.</subfield></datafield><datafield ind1=" " ind2=" " tag="035"><subfield code="a">(TxDaGIAL)37741100003970</subfield></datafield><controlfield tag="005">20080624162546.0</controlfield><controlfield tag="001">11480</controlfield><controlfield tag="003">TxDaGIAL</controlfield><datafield ind1=" " ind2=" " tag="852"><subfield code="p">37741100003970</subfield><subfield code="a">Library</subfield><subfield code="9">$0.00</subfield><subfield code="x">COPYID:13441</subfield><subfield code="x">FSC@aRegular@c19950505</subfield><subfield code="h">465 S958s 1982</subfield><subfield code="z">orig. acc. no. 9667</subfield></datafield></record>
</collection>